3950 6396
329 395 435 451 71$

326 513 426 583 γδς
451 509 805 583 θερμοτέρας.
829 510 992 564 Ταῦτ’
1019 505 1111 565 οῦν
1142 510 1314 565 εἰδυῖα
1344 510 1687 582 ἐπιδαψίλεσε
1722 521 1749 549 α
1783 506 1913 562 ταύρ

326 620 429 672 την
460 602 591 671 ήμίν
607 601 705 670 τὴν
742 600 902 671 χάριν
937 598 1195 670 συνεχῶς,
1246 599 1375 671 περὶ
1412 599 1514 670 τῆς
1553 598 1739 668 ὑγείας
1782 586 1914 669 ήμῖν

326 692 567 764 δηλοῦσα
593 695 691 764 τῆς
722 694 840 765 σῆς,
873 692 968 745 καὶ
1002 691 1188 763 πέμπε
1225 691 1453 761 νιφάδας
1490 694 1623 763 ήμῖν
1647 689 1912 763 γραμμά-

326 802 461 850 των,
485 784 643 838 τοῦτο
673 782 1142 853 ἀπαγγελλούσας.
1179 782 1309 840 Ἐὰν
1337 781 1446 853 γὰρ
1468 782 1761 853 θαρρῶμεν
1782 781 1913 853 περί⁵

326 876 441 931 τῶν
463 874 803 945 ἀγαπώντων
847 875 1015 946 ἡμᾶς,
1058 874 1140 928 ὃτι
1170 875 1228 926 ἐν
1264 872 1527 945 ἐπιθυμίᾳ
1557 872 1653 926 καὶ
1680 873 1737 925 ἐν
1757 870 1915 943 ὑγείᾳ

329 971 427 1023 καὶ
461 969 520 1022 ἐν
574 966 842 1039 ἀσφαλείᾳ
887 965 1283 1037 καθεστήκατε,
1315 965 1376 1019 ού
1422 963 1624 1036 μικρὰν
1650 962 1913 1033 δεξόμεθα

324 1062 433 1132 τῆς
457 1062 517 1114 ἐν
549 1058 804 1131 ἀλλοτρίᾳ
832 1058 1115 1132 διατριϐῆς
1138 1057 1502 1131 παράκλησιν,
1530 1054 1667 1112 ἀλλά
1704 1055 1797 1109 καὶ
1815 1071 1914 1125 με·

326 1150 529 1220 γίστην
559 1147 964 1220 καρπωσόμεθα
995 1146 1367 1220 παραμυθίαν,
1384 1145 1560 1201 καίτοι
1586 1162 1651 1214 γε
1675 1145 1910 1217 ἐσχάτην

328 1241 573 1314 ἐρημίαν
626 1239 920 1303 οἰκοῦντες.
972 1238 1320 1311 Λογισαμένη
1377 1239 1557 1294 τοίνυν
1604 1239 1736 1308 ὅσην
1778 1237 1911 1308 ήμῖν

328 1335 543 1406 ἐργάσῃ
573 1332 668 1406 τὴν
689 1330 902 1404 ἑορτὴν,
941 1331 1016 1403 μὴ
1044 1330 1317 1402 φθονήσῃς
1340 1332 1474 1403 ἡμῖν
1492 1329 1593 1401 τῆς
1618 1328 1912 1399 καλλίστης

298 1498 309 1500 ἡ
327 1426 539 1497 ταύτης
562 1423 924 1497 εὐφροσύνης,
952 1422 1068 1476 ἀλλ’
1091 1423 1167 1486 ὠς
1193 1422 1261 1477 ἀν
1283 1424 1525 1494 ἐγχωρῇ,
1555 1423 1651 1477 καὶ
1682 1415 1794 1476 οἷόν
1847 1436 1911 1472 τε

325 1512 387 1590 ᾗ,
416 1515 768 1585 εὐαγγελίζου
785 1512 1050 1586 διηνεκῶς
1080 1516 1216 1587 ἡμῖν
1244 1512 1318 1569 τὰ
1369 1514 1497 1584 περὶ
1548 1514 1647 1585 τῆς
1692 1511 1912 1583 ῥώσεως

325 1609 436 1680 τῆς
459 1607 577 1679 σῆς.
616 1616 627 1625 ’

790 1715 963 1787 Ριβ.
1012 1715 1450 1786 Ὀνησικρατίᾳ.

405 1855 614 1928 Σφόδρα
636 1855 954 1926 ήλγήσαμεν
988 1855 1083 1909 καὶ¹
1109 1856 1272 1926 ἡμεῖς
1300 1852 1631 1916 ἀκούσαντες
1651 1851 1782 1924 περὶ
1811 1851 1913 1921 τῆς

329 1948 615 2018 μακαρίας
659 1947 927 2019 θυγατρός
962 1964 1076 2000 σου.
1122 1946 1260 2000 Ἀλλ’
1288 1947 1439 2016 ὅμως
1461 1944 1661 2010 εἰδότες
1684 1944 1746 1998 τὸ
1767 1943 1913 2014 φιλό-

329 2038 500 2109 σοφόν
541 2053 635 2091 σου
667 2038 769 2109 τῆς
812 2037 1071 2104 διανοίας,
1104 2038 1200 2091 καὶ
1230 2035 1293 2090 τὸ
1313 2035 1515 2108 ὑψηλὸν
1538 2034 1639 2106 τῆς
1663 2033 1907 2106 γνώμης,

329 2129 476 2183 πάνυ
504 2128 813 2200 θαρροῦμεν
842 2128 918 2191 ὡς
933 2128 1181 2200 ἀνωτέρα
1212 2129 1386 2201 στήσῃ
1410 2127 1517 2182 τῶν
1540 2125 1796 2181 τοιούτων
1818 2142 1913 2179 κυ-

328 2219 523 2290 μάτων
554 2218 603 2271 ιι.
638 2219 730 2291 Μὴ
756 2218 1041 2274 λυπεῖσθαι
1076 2219 1175 2290 μέν
1206 2218 1316 2290 γὰρ
1343 2219 1642 2290 ἀμήχανον,
1664 2235 1913 2290 παρακα-

324 2312 532 2382 λοῦμεν
562 2311 621 2365 δέ
658 2311 984 2383 συμμέτρως
1004 2309 1162 2364 τοῦτο
1191 2312 1362 2364 ποιεῖν
1394 2308 1593 2363 εἰδυῖαν
1623 2308 1684 2362 τὸ
1711 2308 1911 2378 ἐπίκη-

329 2420 429 2474 ρον
450 2402 555 2455 τῶν
578 2403 932 2474 ἀνθρωπίνων
952 2402 1312 2473 πραγμάτων,
1342 2400 1440 2455 καὶ
1462 2401 1538 2466 ὡς
1567 2400 1720 2473 κοινά
1739 2400 1914 2455 ταῦτα

326 2495 470 2548 πᾶσι
506 2495 575 2549 τά
603 2493 772 2564 πάθη,
814 2494 908 2548 καὶ
937 2494 1014 2559 ὡς
1043 2493 1257 2565 φύσεως
1282 2494 1442 2564 νόμος
1472 2492 1669 2559 κοινὸς,
1697 2492 1794 2546 καὶ
1817 2490 1913 2546 τοῦ

327 2589 553 2642 πάντων
594 2588 750 2659 ήμῶν
774 2588 1045 2642 Δεσπότου
1077 2587 1211 2641 Θεοῦ
1255 2587 1550 2657 ἀπόφασις.
1594 2587 1667 2641 Οὐ
1705 2585 1816 2658 γὰρ
1846 2584 1913 2657 δὴ

326 2678 563 2742 Θάνατος
593 2679 771 2746 τοῦτο,
825 2679 938 2731 ἀλλ’
972 2678 1252 2750 ἀποδημία
1300 2677 1395 2731 καὶ
1437 2677 1770 2749 μετάστασις
1800 2676 1909 2730 ἀπὸ
1988 2743 1994 2763 Ξ

322 2771 441 2825 τῶν
466 2772 724 2843 χειρόνων
754 2772 889 2844 πρὸς
918 2772 984 2828 τὰ
1016 2771 1226 2843 βελτίω.
1261 2771 1426 2826 Ταῦτ’
1450 2768 1544 2826 οὖν
1574 2771 1789 2826 ἅπαντα
1826 2769 1906 2824 λο-
1983 2785 1992 2812 =

323 2864 621 2936 γιζομένη,
648 2865 780 2936 φέρε
806 2863 1067 2933 γενναίως
1096 2864 1159 2918 τδ
1202 2864 1440 2935 συμϐὰν,
1475 2865 1571 2919 καὶ
1596 2862 1910 2936 εὐχαρίστει

323 2955 409 3025 τῷ
435 2953 798 3026 φιλανθρώπῳ
819 2954 957 3026 Θεῷ.
980 2956 1042 3009 Εἰ
1057 2955 1165 3028 γὰρ
1180 2956 1272 3009 καὶ
1293 2955 1648 3029 χαλεπωτέρα
1674 2958 1707 3027 ή
1728 2953 1911 3026 πληγὴ

325 3048 545 3116 γέγονε,
572 3047 709 3120 πρὸς
744 3047 805 3102 τδ
826 3046 1024 3120 νεαρὰν
1051 3045 1213 3102 οὖσαν
1239 3046 1338 3120 τὴν
1368 3047 1641 3121 προτέραν
1672 3046 1912 3102 καταλα-

326 3139 468 3205 ϐεῖν,
515 3139 653 3193 ἀλλά
709 3140 803 3193 καὶ
861 3140 1240 3213 λαμπρότερός
1278 3156 1360 3194 σοι
1408 3142 1438 3194 ὁ
1496 3139 1759 3210 στέφανος
1808 3138 1911 3212 τῆς

326 3233 627 3304 ὑπομονῆς,
664 3233 759 3287 καὶ
794 3233 965 3305 μείζω
1001 3234 1072 3288 τὰ
1094 3234 1340 3307 βραδεῖα,
1400 3235 1517 3306 μετ’
1559 3231 1911 3305 εὐχαριστίας

327 3323 432 3378 καὶ
456 3321 763 3393 δοξολογίας
792 3323 1032 3397 φερούσῃ
1059 3324 1122 3378 τὸ
1148 3325 1340 3389 πάθος.
1372 3324 1469 3379 ’Ἰν’
1498 3319 1591 3379 οὖν
1634 3324 1730 3378 καὶ
1751 3324 1912 3395 ήμεῖς

330 3415 414 3487 μὴ
440 3416 645 3487 σφόδρα
664 3416 942 3488 ἀλγῶμεν,
983 3417 1098 3472 ἀλλ’
1133 3417 1364 3489 εἰδῶμεν
1397 3416 1583 3487 σαφῶς
1610 3417 1693 3471 ὅτι
1720 3415 1911 3487 γέγονέ

328 3509 420 3562 σοί
444 3525 496 3561 τι
514 3509 676 3562 πλέον
706 3509 817 3563 ἀπὸ
849 3507 958 3563 τῶν
994 3511 1338 3581 γραμμάτων
1363 3510 1471 3565 τῶν
1493 3508 1798 3582 ἡμετέρων,
1833 3508 1909 3580 μὴ

325 3600 677 3671 κατοκνήσῃς
698 3601 829 3671 ήμῖν
854 3600 1066 3671 γράψαι
1086 3600 1245 3655 τοῦτο
1264 3600 1416 3665 αὐτὸ,
1449 3597 1686 3671 δηλοῦσα
1711 3600 1794 3653 ὅτι
1829 3616 1929 3655 σοι)

324 3692 433 3762 τῆς
456 3692 695 3766 ἀθυμίας
713 3694 1063 3765 διεσκεδάσθη
1111 3693 1172 3748 τὸ
1195 3692 1376 3763 νέφος.
1408 3694 1503 3747 καὶ
1540 3692 1602 3746 τδ
1631 3692 1765 3748 πολὺ
1811 3692 1913 3764 τῆς

325 3784 524 3856 ὀδύνης
559 3785 655 3840 τοῦ
682 3774 875 3851 ἕλκους
899 3788 1292 3859 ὑποτέτμηται.
1320 3787 1388 3842 Εἰ
1413 3787 1522 3860 γὰρ
1562 3785 1736 3840 ταῦτα
1756 3783 1908 3858 [708]

328 3878 624 3950 μάθοιμεν,
658 3880 718 3934 οὐ
749 3880 1073 3952 παυσόμεθα
1097 3880 1325 3951 νιφάδας
1346 3878 1644 3935 ἐπιστολῶν
1668 3879 1910 3951 πέμπειν

327 3986 440 4022 σοι’
472 3970 566 4023 καὶ
592 3969 703 4042 γὰρ
729 3971 828 4042 οὐχ
876 3971 952 4036 ὡς
977 3971 1165 4043 ἔτυχεν
1208 3971 1546 4043 ἀντεχόμεθά
1571 3988 1665 4026 σου
1690 3972 1789 4043 τῆς
1816 3969 1908 4023 εὐ-

324 4062 566 4131 γενείας,
591 4062 819 4132 γνησίας
849 4062 935 4116 ἀεὶ
970 4064 1065 4117 καὶ
1106 4062 1430 4134 εἰλικρινοῦς
1461 4062 1557 4117 καὶ
1600 4066 1788 4135 τιμῆς,
1817 4060 1911 4115 καὶ

324 4150 535 4217 αἰδοῦς,
565 4153 664 4208 καὶ
686 4153 908 4225 ἀγάπης
934 4154 1343 4220 ἀπολαύσαντες
1377 4155 1530 4227 παρά
1563 4155 1660 4226 τῆς
1695 4154 1794 4224 σῆς
1814 4169 1908 4206 κο-

327 4245 643 4319 σμιότητος.
691 4240 791 4301 Ὧν
846 4247 1088 4319 συνεχῶς
1139 4247 1499 4320 μεμνημένοι,
1555 4245 1912 4317 ἀκμάζουσαν

322 4339 435 4408 τὴν
460 4339 589 4409 περὶ
614 4339 676 4392 σὲ
706 4339 948 4395 διάθεσιν
978 4339 1276 4411 τηροῦμεν,
1303 4337 1407 4394 κάν
1447 4338 1585 4413 πρὸς
1604 4337 1778 4404 αὐτὰς
1805 4339 1911 4408 (ἐφ-ι

328 4428 580 4501 ικώμεθα
600 4430 700 4518 τῆς
723 4429 1046 4503 οἰκουμένης
1072 4431 1171 4496 τὰς
1195 4430 1468 4503 ἐσχατιάς.

873 4569 1047 4636 Ριιιτι.
1083 4567 1364 4633 Παιανίῳ.

405 4703 616 4775 Σφόδρα
651 4720 719 4775 με
767 4702 1175 4776 ἀνεπτέρωσας,
1217 4701 1311 4756 καὶ
1350 4704 1579 4776 σκιρτᾷν
1625 4702 1907 4774 ἐποίησας,

323 4795 436 4858 ὅτι,
483 4793 554 4848 τὰ
605 4793 826 4867 λυπηρά
870 4793 1228 4864 ἀπαγγείλας,
1258 4794 1533 4865 ἐπέθηκας
1562 4793 1623 4847 τὸ
1670 4796 1841 4866 ῥῆμα,
1880 4793 1911 4847 δ

326 4886 471 4940 πᾶσι
504 4887 616 4949 τοῖς
651 4884 1040 4955 συμϐαίνουσιν
1071 4879 1345 4954 ἐπιλέγειν
1375 4884 1503 4958 χρὴ,
1543 4885 1734 4940 εἰπών·
1771 4885 1910 4955 Δόξα

322 4978 400 5049 δὴ
425 4976 503 5048 τῷ
529 4976 649 5048 Θεῷ
677 4978 896 5033 πάντων
921 4978 1103 5034 ἕνεκα.
1137 4978 1307 5033 Τοῦτο
1341 4979 1404 5033 τὸ
1429 4978 1583 5051 ῥῆμα
1618 4979 1809 5052 καιρία
1829 4980 1910 5051 τῷ

322 5069 566 5141 διαϐόλῳ
599 5069 801 5143 πληγή·
837 5069 995 5124 τοῦτο
1027 5070 1258 5142 μεγίστη
1296 5070 1376 5144 τῷ
1413 5069 1626 5141 λέγοντι
1655 5073 1714 5125 ἐν
1745 5073 1909 5128 παντὶ

325 5163 565 5235 κινδύνῳ
607 5163 910 5235 ἀσφαλείας
960 5163 1055 5218 καὶ.
1100 5163 1294 5235 ήδονῆς
1332 5164 1605 5229 ὑπόθεσις.
1667 5164 1819 5236 Ἀμα
1848 5181 1908 5217 τε

300 5234 444 5328 ’γάρ
486 5234 569 5320 τις
604 5234 903 5327 ἐφθέγξατο
951 5255 1130 5319 τοῦτο,
1174 5255 1268 5308 καὶ
1317 5254 1673 5309 σκεδάννυται
1703 5234 1908 5320 εύθέως

322 5347 435 5419 τῆς
454 5346 691 5419 ἀθυμίας
713 5349 774 5401 τὺ
792 5348 970 5419 νέφος.
998 5348 1090 5420 Μή
1113 5348 1177 5420 δὴ
1205 5347 1390 5419 παύσῃ
1411 5348 1569 5402 τοῦτό
1591 5364 1650 5400 τε
1670 5347 1841 5417 λέγων
1860 5359 1908 5414 ο,

364 5506 435 5614 ut)
450 5504 978 5616 Ξξὲξέῐῖξὲτιδαψιλεῦου,
1005 5512 1059 5556 ει
1089 5507 1162 5556 sic
1182 5507 1310 5571 legit
1328 5506 1575 5558 Savilius:
1605 5514 1814 5572 ultaque
1838 5511 1913 5561 le-

364 5573 435 5614 liO
492 5581 551 5614 ua
663 5605 674 5616 .

322 5582 357 5619 ε
398 5624 426 5664 δ
448 5573 658 5693 ἓοὶεῗῖιῗ
677 5631 774 5693 τῶν
796 5629 1045 5693 ,τοιούτων
1084 5629 1331 5693 καμάτων.
1353 5629 1464 5681 Mox
1489 5631 1588 5681 duo
1609 5645 1725 5683 mss.
1766 5631 1911 5684 τοῦτο

328 5690 494 5740 ποιεῖν
519 5691 711 5742 εἰδυῖαν.
738 5691 866 5742 Edit.
897 5691 1064 5740 εἰδυῖα.

399 5753 424 5784 ⁸
453 5750 563 5816 Duo
586 5766 701 5803 mss.
727 5753 888 5816 παύσῃ
937 5753 1078 5809 αὐτὸς
1098 5769 1151 5801 τε
1183 5754 1351 5816 λέγων.
1377 5754 1504 5807 Infra
1530 5753 1678 5808 iidem
1719 5756 1912 5806 πλείονα

325 5813 669 5879 καρπώσονται
688 5816 773 5873 τήν
790 5813 980 5878 ἡδονήν,
1008 5815 1125 5877 μετά
1147 5816 1227 5865 καὶ
1248 5813 1333 5865 τοῦ
1352 5818 1463 5867 τῶν.

1766 382 1958 437 ΕΗδί
1975 383 2157 436 ULAS.

3481 404 3583 460 72$

2011 507 2106 561 καὶ
2138 508 2263 572 τοὺς
2323 510 2516 575 ἀλλους
2551 512 2840 568 παιδεύων.
2897 514 3052 569 Οὕτω
3083 518 3174 572 καὶ
3228 516 3258 572 δ
3303 522 3507 595 χειμὼν
3554 527 3583 577 ό

2012 598 2355 667 καταλαϐὼν,
2399 602 2513 657 κᾶν
2553 605 2886 679 τραχύτερος
2932 609 3178 680 γένηται,
3218 612 3299 675 εἰς
3341 614 3589 687 γαλήνην,

2013 694 2429 765 μεταστήσεται·
2482 695 2625 749 οὕτω
2678 698 2773 751 καὶ
2825 699 2873 752 οἰ
2928 701 3310 773 χειμαζόμενοι
3364 705 3586 765 πλείονα

2010 781 2394 854 καρπώσονται
2418 784 2517 858 τὴν
2560 787 2793 861 ἀμοιϐὴν
2844 788 2983 860 μετά
3012 789 3108 845 τοῦ
3138 793 3231 847 καὶ
3258 793 3367 847 τῶν
3396 795 3583 851 δεινῶν

2009 874 2410 947 ἀπαλλαγῆναι.
2455 877 2626 934 Τοῦτο
2645 879 2738 934 τὸν
2778 879 2898 933 Ἰὼϐ
2926 883 3291 952 ἐστεφάνωσε,
3318 883 3476 939 τοῦτο
3522 888 3583 941 τὸ

2012 967 2163 1038 ῥῆμα
2179 967 2268 1022 τὸν
2286 968 2529 1025 διάϐολον
2557 971 2840 1043 ἐτρέψατο,
2876 974 2967 1027 καὶ¹
2996 974 3439 1049 ἐγκαλυψάμενον
3453 980 3583 1034 ἀνα-

2008 1060 2255 1133 χωρῆσαι
2280 1064 2600 1137 πεποίηκεν,
2630 1065 2790 1119 τοῦτο
2813 1065 3040 1136 θορύϐου
3065 1070 3266 1137 παντὸς
3285 1071 3580 1146 ἀναίρεσις.

2008 1153 2154 1208 Μένε
2184 1153 2250 1225 δὴ
2289 1155 2447 1210 τοῦτο
2477 1158 2691 1230 ἐπᾴδων
2720 1160 2835 1223 τοῖς
2873 1162 3176 1233 γινομένοις
3235 1163 3427 1219 ἅπασι.
3474 1164 3583 1219 Τοῦ

2008 1242 2174 1297 τόπου
2196 1243 2253 1297 δὲ
2277 1244 2483 1312 ἕνεκεν,
2511 1247 2708 1318 μηκέτι
2737 1248 2920 1305 λοιπὸν
2956 1252 3149 1323 μηδεὶς
3172 1253 3477 1325 ἐνοχλείτω.
3520 1258 3584 1311 Εἰ

2009 1334 2118 1408 γὰρ
2150 1336 2246 1391 καὶ
2285 1336 2490 1410 ἔρημον
2533 1339 2595 1394 τὸ
2631 1341 2828 1414 χωρίον
2848 1344 2883 1415 ή
2906 1345 3238 1411 Κουκουσὺς,
3288 1347 3404 1402 ἀλλ’
3433 1349 3582 1419 ὅμως

2009 1430 2105 1483 καὶ
2135 1430 2365 1502 ήσυχίας
2392 1432 2732 1506 ἀπολαύομεν
2763 1435 3015 1503 ἐνταῦθα,
3041 1437 3136 1492 καὶ
3165 1439 3227 1492 ού
3254 1439 3314 1492 τὸ
3346 1440 3508 1511 τυχὸν
3520 1442 3584 1499 ἐκ

2006 1520 2109 1591 τῆς
2138 1521 2420 1586 ἀσθενείας
2436 1524 2536 1596 τῆς
2560 1525 2704 1580 κατά
2724 1525 2824 1600 τὴν
2863 1528 2981 1583 ὁδὸν
3007 1530 3303 1602 γενομένης
3327 1534 3478 1604 ήμῖν,
3495 1531 3585 1588 διὰ

2008 1609 2108 1680 τῆς
2123 1612 2264 1665 οἴκοι
2291 1612 2563 1684 καθέδρας
2597 1614 2697 1686 τῆς
2721 1615 3023 1687 διηνεκοῦς,
3052 1618 3341 1690 διορθῶσαι
3368 1620 3583 1691 ἰσχύσαι-

2013 1718 2136 1772 μεν.
2159 1703 2257 1758 Ἂν
2299 1703 2356 1757 δέ
2380 1704 2610 1777 μέλλητε
2638 1706 2740 1762 πά)
2755 1724 2802 1763 ιν
2843 1709 2990 1780 ἡμᾶς
3017 1709 3348 1780 ἀναγκάζειν
3383 1714 3587 1780 τόπους

2008 1794 2075 1848 ἐκ
2094 1794 2275 1849 τόπων
2292 1796 2562 1868 ἀμείϐειν,
2584 1797 2653 1852 τά
2672 1797 2877 1870 ἔσχατα
2893 1800 3212 1871 πεισόμεθα,
3236 1803 3330 1857 καί⁵
3352 1804 3586 1875 μάλιστα

2008 1885 2103 1938 τοῦ
2160 1888 2426 1958 χειμῶνος
2477 1890 2571 1944 ἐπὶ
2637 1889 2831 1962 θύραις
2896 1892 3066 1957 ὄντος.
3135 1894 3341 1966 Μηδενὶ⁸
3408 1896 3589 1951 τοίνυν

2011 1977 2267 2050 φορτικὸς
2293 1978 2500 2050 μηδεὶς,
2532 1980 2669 2052 μηδέ
2696 1981 2941 2055 ἐπαχθὴς
2972 1983 3210 2052 γενέσθω
3233 1985 3436 2058 ταύτης
3466 1986 3585 2041 ἐνε-

2010 2086 2104 2124 κεν
2131 2071 2230 2142 τῆς
2285 2071 2615 2137 ὑποθέσεως.
2661 2073 2822 2128 Ἀλλά
2847 2075 3029 2147 γράφε
3060 2078 3194 2148 ήμῖν
3250 2079 3491 2150 συνεχῶς
3519 2079 3586 2134 τὰ
3688 2084 3699 2091 ’

2009 2166 2138 2235 περὶ
2169 2165 2270 2236 τῆς
2292 2165 2480 2235 ὑγείας
2500 2166 2599 2238 τῆς
2628 2167 2749 2239 σῆς,
2768 2169 2862 2222 καὶ
2884 2170 2983 2239 τῆς
3000 2170 3285 2241 διατριϐῆς
3308 2171 3405 2242 τῆς
3423 2170 3584 2225 αύτό-

2010 2257 2084 2322 θι,
2120 2258 2331 2331 καὶτῆς
2356 2258 2781 2332 εύδοκιμήσεως,
2813 2261 2908 2316 καὶ
2941 2261 3038 2333 τῆς
3061 2261 3346 2333 εὐθυμίας.
3369 2264 3444 2317 Οὐ
3477 2263 3588 2336 γὰρ

1954 2375 1983 2404 ο
2008 2353 2109 2424 τήν
2134 2351 2423 2424 τυχοῦσαν,
2456 2354 2552 2408 καὶ
2598 2355 2659 2408 ἐν
2690 2354 2899 2426 ἐρημίᾳ
2945 2354 3168 2428 τοιαύτῃ
3200 2355 3584 2428 διατρίϐοντες,

2011 2442 2420 2516 καρπωσόμεθα
2455 2443 2822 2516 παράκλησιν,
2872 2444 3099 2500 τοιαῦτα
3142 2444 3295 2517 παρὰ
3336 2446 3435 2518 τῆς
3488 2445 3588 2519 σῆς

2008 2537 2317 2609 τιμιότητος
2347 2536 2626 2609 δεχόμενοι
2646 2537 2972 2610 γράμματα.

2538 2756 2703 2823 ΡιιΔο.
2753 2753 3056 2826 Γεμέλλῳ.

2082 2912 2328 2984 Ἐρημον
2380 2910 2479 2982 μέν
2526 2908 2783 2979 οἰκοῦμεν
2828 2909 3028 2980 χωρίον
3060 2906 3159 2979 τὴν
3196 2905 3505 2961 Κουκουσὺν
3532 2903 3584 2974 δ,

2008 3006 2105 3059 καὶ
2154 3004 2335 3076 πάσης
2362 3003 2462 3075 τῆς
2512 3002 2633 3056 καθ’
2675 3002 2823 3074 ἡμᾶς
2858 3001 3187 3072 οἰκουμένης
3226 3000 3583 3073 ἐρημότατον.

2009 3096 2157 3169 Πλὴν
2182 3095 2286 3149 κᾶν
2314 3094 2451 3166 πρὸς
2478 3093 2618 3148 αὐτὰ
2656 3093 2755 3165 τῆς
2787 3092 3110 3163 οἰκουμένης
3136 3090 3206 3144 τὰ
3240 3091 3453 3163 πέρατα
3488 3091 3588 3145 ἀπ-

2008 3188 2340 3261 ενεχθῶμεν,
2360 3185 2716 3243 ἐπιλαθέσθαι
2733 3203 2830 3241 σου
2845 3185 2944 3256 τῆς
2962 3184 3185 3257 ἀγάπης
3207 3185 3268 3239 ού
3288 3184 3582 3256 δυνάμεθα·

2008 3282 2146 3339 ἀλλά
2182 3282 2382 3337 καὶ-ἐν
2408 3279 2668 3352 ἀλλοτρίᾳ
2700 3280 2796 3334 καὶ
2837 3279 2895 3332 ἐν
2941 3279 3151 3352 ἐρημίᾳ
3197 3278 3586 3347 διατρίϐοντες,

2010 3375 2106 3430 καὶ
2141 3375 2223 3429 ἐτι
2255 3372 2484 3444 λείψανα
2514 3372 2831 3446 ἀρρωστίας
2861 3371 3274 3443 περιφέροντες,
3314 3370 3409 3424 καὶ
3439 3370 3590 3442 φόϐῳ
3679 3388 3688 3396 ·

2009 3466 2220 3540 λῃστῶν
2242 3465 2686 3539 πολιορκούμενοι
2718 3464 2798 3536 (οὐ
2823 3463 2933 3537 γὰρ
2963 3462 3294 3533 ἀφίστανται
3318 3461 3416 3525 τὰς
3437 3461 3590 3526 ὀδοὺς

2009 3558 2451 3629 ἀποτειχίζοντες
2503 3557 2600 3612 καὶ⁴
2648 3555 2829 3610 πάντα
2875 3554 3123 3627 αἱμάτων
3172 3554 3508 3626 πληροῦντες
3539 3555 3589 3607 οἱ

2021 3651 2300 3722 ’1σαῦροι),
2345 3649 2610 3723 διηνεκῶς
2662 3667 2724 3704 σε
2766 3650 2861 3704 ἐπὶ
2915 3647 3153 3712 διανοίας
3198 3647 3589 3719 περιφέρομεν,

2008 3743 2107 3815 τὴν
2138 3743 2392 3816 ἀνδρείαν
2432 3760 2549 3809 σου,
2576 3744 2677 3815 τὴν
2704 3741 3041 3815 παρρησίαν,
3067 3740 3166 3812 τὴν
3208 3737 3468 3807 γλυκεῖαν
3496 3738 3591 3791 καὶ

2009 3834 2239 3905 γνησίαν
2289 3835 2528 3890 διάθεσιν
2579 3834 2710 3908 παρ’
2759 3833 2943 3897 αὐτοῖς
2987 3830 3441 3893 ἀναπλάττοντες,
3494 3830 3591 3881 καὶ

2009 3926 2214 3980 τούτων
2243 3925 2353 3980 τῶν
2367 3923 2645 3997 λογισμῶν
2671 3924 3044 3996 ἐντρυφῶντες
3071 3925 3137 3996 τῇ
3177 3921 3386 3997 μνήμῃ.
3406 3921 3590 3993 Γράφε

2010 4018 2161 4092 [709]
2184 4018 2240 4071 δὲ
2255 4018 2417 4081 αὐτὸς
2447 4020 2581 4090 ήμίν
2607 4015 2868 4087 συνεχῶς,
2893 4016 3129 4070 δέσποτα
3152 4012 3591 4086 θαυμασιώτατε,

2010 4110 2079 4165 τά
2112 4110 2242 4182 περὶ
2281 4110 2381 4180 τῆς
2417 4109 2608 4178 ὑγείας
2631 4109 2728 4180 τῆς
2770 4108 2890 4179 σῆς,
2930 4108 3024 4161 καὶ
3057 4107 3174 4170 πῶς
3209 4123 3291 4160 σοι
3322 4104 3391 4159 τὰ
3412 4105 3591 4177 θερμά

2013 4204 2305 4275 ἐχρήσατο,
2338 4202 2433 4256 καὶ
2478 4204 2537 4256 ἐν
2569 4201 2711 4257 τίσιν
2743 4202 2891 4273 ὁρμᾷ
2918 4211 2942 4240 ο
2984 4200 3056 4254 τά
3098 4197 3168 4254 σὰ
3214 4198 3333 4253 νῦνο
3373 4197 3460 4252 ἵνα
3497 4199 3591 4252 καὶ

2012 4296 2294 4368 πόρρωθεν
2313 4295 2483 4360 ὅντες,
2520 4293 2686 4367 μηδὲν
2720 4293 2940 4347 ἔλαττον
2986 4291 3201 4362 ἔχωμεν
3235 4289 3344 4344 τῶν
3376 4288 3463 4345 ἀεί
3508 4306 3591 4343 σοι

2013 4386 2436 4458 συγγινομένων,
2456 4386 2534 4449 εἰς
2559 4384 2620 4440 τὸ
2647 4384 2833 4452 σαφῶς
2857 4381 3136 4438 εἰδέναιτά
3164 4381 3253 4436 σά.
3284 4376 3455 4436 Οἶσθα
3481 4379 3591 4452 γὰρ

2010 4479 2159 4543 ὅπως
2191 4479 2323 4550 ήμῖν
2346 4475 2814 4549 περισπούδαστον
2837 4475 2966 4547 περὶ
2997 4473 3097 4545 τῆς
3129 4472 3349 4545 ῥώσεως
3374 4471 3470 4541 τῆς
3490 4469 3589 4540 σῆς

2014 4570 2328 4643 μανθάνειν,
2358 4568 2446 4623 διὰ
2475 4568 2536 4622 τὸ
2572 4567 2779 4638 σφόδρα
2819 4583 2912 4620 σου
2944 4566 3096 4639 ἐρᾷν,
3125 4563 3218 4618 καὶ¹
3250 4560 3589 4623 συνδεδέσθαι

2015 4663 2152 4735 μετὰ
2179 4662 2465 4737 ἀκριϐείας
2483 4663 2549 4734 τῇ
2584 4659 3028 4733 μεγαλοπρεπείᾳ
3057 4660 3123 4730 τῇ
3143 4660 3230 4729 σῇ.

2505 4823 2653 4887 Ριιει
2661 4859 2675 4873 .
2716 4815 3095 4882 Κλαυδιανῴε

2080 4976 2152 5032 Τί
2193 4976 2384 5044 τοῦτο;
2426 4977 2486 5031 '0
2530 4974 2733 5048 θερμὸς
2770 4973 2930 5047 ήμῶν
2974 4972 3235 5045 ἐραστὴς,
3270 4974 3299 5027 ό
3335 4972 3588 5045 μανικὸς,

2008 5072 2280 5143 τοσαύτης
2326 5071 2458 5144 παρ’
2486 5069 2646 5142 ήμῶν
2681 5067 2999 5133 ἀπολαύσας
3042 5067 3285 5137 ἀγάπης,
3337 5068 3367 5121 ὁ
3412 5067 3590 5138 διηνε-

2010 5164 2122 5228 κῶς
2161 5165 2295 5238 ήμίν
2342 5162 2745 5232 συνδεδεμένος,
2777 5160 2897 5221 οὐδὲ
2943 5159 3290 5231 γραμμάτων
3339 5160 3488 5231 ἡμᾶς
3531 5160 3589 5212 ἐν

2009 5259 2155 5314 οὕτω
2189 5258 2371 5331 χρόνῳ
2419 5256 2615 5329 μακρῷ
2653 5254 2913 5325 ἠξίωσας,
2942 5254 3058 5309 ἀλλ’
3089 5254 3319 5326 ἠνέσχου
3365 5254 3587 5325 σιγῆσαι

2013 5351 2172 5423 σιγὴν
2200 5349 2346 5405 οὕτω
2381 5347 2629 5420 μακράν;
2666 5347 2731 5400 Τί
2776 5362 2910 5400 ποτε
2956 5345 3063 5417 ἄρα
3108 5348 3170 5399 τὸ
3203 5345 3404 5411 αῖτιον;
3445 5340 3592 5416 'Apa.

2014 5444 2153 5516 μετά
2182 5443 2281 5514 τὴν
2301 5440 2607 5512 ἀποδημίαν
2645 5438 2899 5506 ἐξέϐαλες
2923 5439 3072 5509 ἡμᾶς
3094 5436 3194 5507 τῆς
3227 5436 3464 5499 διανοίας
3489 5434 3587 5505 τῆς

2015 5537 2135 5606 σῆς.
2179 5534 2275 5588 καὶ
2320 5530 2692 5604 ῥᾳθυμότερος
2730 5529 2859 5601 περ)⁴
2902 5527 3335 5599 τὴνήμετέραν
3357 5526 3587 5596 γέγονας

2073 5693 2101 5735 d
2123 5694 2282 5744 VaIic.
2308 5693 2395 5752 τὴν
2434 5691 2719 5742 Κοκκουσὸν
2756 5704 2846 5755 pro
2885 5702 3037 5742 more.
3065 5685 3220 5738 Paulo
3251 5693 3362 5750 post
3381 5683 3584 5744 Colslin.

2010 5765 2096 5828 τῆς
2115 5758 2391 5828 οἰκουμένης
2407 5756 2468 5828 τὰ
2489 5755 2716 5819 τέρματα.

1962 5868 1974 5893 γ
2075 5823 2097 5850 ε
2124 5818 2272 5871 Savil.
2300 5818 2447 5882 ὁρμεῖ.
