3950 6368
495 322 589 379 721

484 441 740 513 ἁγάπην;
783 440 899 497 Οὑκ
929 443 1107 516 ἔγωγε
1152 444 1345 520 οἶμαι*
1373 452 1450 524 μὴ
1493 455 1600 526 γάρ
1620 473 1751 511 ποτε
1787 457 1947 513 τοῦτο
1971 460 2065 529 γέν

486 550 668 604 νηται,
696 535 805 589 ἀπὸ
827 536 1050 609 φιλικῆς
1080 538 1222 595 οὕτω
1245 541 1425 615 ψυχῆς
1445 547 1541 600 καὶ
1565 546 1775 621 θερμῆς
1800 552 2069 624 τοσαύτην

485 623 743 693 γενέσθαι
772 629 1101 703 μεταϐολήν.
1137 632 1278 687 Ἀλλ’
1302 634 1411 708 ἄρα
1436 638 1510 711 μὴ
1531 639 1813 711 ἀρρωστία
1845 660 1905 696 σε
1935 623 2068 698 κατ-

486 711 680 786 έσχεν;
724 718 864 771 Ἀλλ’
907 720 1008 774 οὑκ
1032 721 1262 792 ἠδύνατο
1290 726 1427 800 αὕτη
1459 731 1715 796 γενέσθαι
1741 734 1965 807 κώλυμα
1988 736 2068 807 τῷ

485 806 738 891 γράφειν.
777 810 933 866 Ἐπεὶ
962 809 1056 867 οὖν
1097 815 1402 889 ἀγνοοῦμεν
1434 821 1535 891 τὴν
1566 825 1770 890 αἰτίαν,
1806 806 1947 898 μετά
1972 806 2065 881 τοῦ

485 895 647 951 λῦσαι
677 886 779 972 τὴν
810 901 971 974 σιγὴν
1005 905 1099 959 καὶ
1118 906 1231 978 ,τὴν
1250 886 1430 963 αἰτίαν
1466 886 1590 965 ε’ίπὲ
1625 914 1726 985 τῆς
1757 886 1940 988 σίγῆς,
1973 919 2067 973 καὶ

488 988 674 1061 πέμπε
702 994 915 1063 ταχέως
942 996 1075 1067 ἡμῖν
1112 999 1401 1072 ἐπιστολὴν
1443 1000 1512 1056 τά
1557 1005 1688 1075 περὶ
1733 1006 1833 1078 τῆς
1876 1009 2067 1078 ὑγείας

484 1078 583 1150 τῆς
631 1082 730 1154 σῆς
777 1083 1279 1160 εὑαγγελιζομένην
1306 1092 1474 1163 ἡμᾶς.
1523 1093 1681 1151 Οὕτω
1721 1097 1832 1170 γὰρ
1867 1100 1940 1154 τά
1971 1103 2067 1172 μέ-

485 1186 649 1239 γιστα
671 1175 805 1244 ἡμῖν
839 1180 1028 1250 χαριῇ,
1058 1181 1151 1233 καὶ
1183 1181 1281 1252 τῆς
1307 1183 1546 1255 ἐρημίας
1575 1186 1779 1257 πολλὴν
1809 1192 2067 1263 παρέξεις

486 1264 859 1336 παράκλησιν,
900 1269 968 1324 ἂν
988 1270 1214 1326 τοιαῦτα
1240 1272 1523 1344 δεξώμεθα
1543 1277 1868 1351 γράμματα.
1906 1283 2065 1338 Ἀλλά

487 1355 566 1428 μὴ
595 1356 918 1433 ρᾳθυμήσῃς
942 1378 956 1393 ⁸
982 1364 1031 1416 εἰ
1063 1363 1171 1435 γάρ
1196 1365 1289 1418 καὶ
1325 1367 1465 1436 μετά
1495 1368 1594 1442 τὴν
1618 1372 1909 1446 ἐπιστολὴν
1930 1375 2065 1429 ταύ-

484 1464 586 1519 την
615 1449 801 1519 μένεις
832 1454 1021 1522 σιγῶν,
1046 1454 1146 1509 οὑκ
1174 1456 1252 1510 ἔτι
1299 1475 1382 1512 σοι
1422 1461 1750 1536 συγγνώμην
1797 1465 2063 1538 δώσομεν,

483 1539 622 1593 ἀλλά
653 1544 982 1615 γραψόμεθά
1010 1564 1070 1600 σε
1094 1548 1195 1619 τῆς
1219 1550 1463 1625 ἐσχάτης
1492 1555 1906 1630 ἀγνωμοσύνης.
1933 1557 2067 1618 Οἶδα

486 1629 545 1685 δὲ
571 1632 652 1686 ὅτι
683 1634 865 1706 πάσης
904 1654 988 1693 σοι
1019 1642 1291 1714 τιμωρίας
1326 1643 1484 1700 τοῦτο
1522 1629 1869 1720 πικρότερον.

1040 1792 1226 1860 ροςςι.
1281 1795 1496 1865 Ἀετίῳ.

568 1937 761 2009 Ἡμεῖς
780 1956 878 1994 σου
894 1941 992 2013 τῆς
1007 1944 1228 2018 ἀγάπης
1249 1949 1505 2006 οὐδέποτε
1533 1955 1887 2014 ἐπιλαθέσθαι
1906 1962 2065 2017 δυνά-

487 2026 652 2099 μεθα,
679 2032 780 2102 τῆς
821 2030 1051 2105 θερμῆς,
1078 2038 1172 2090 καὶ
1200 2040 1452 2111 γνησίας,
1498 2047 1594 2100 καὶ
1638 2055 2062 2128 πεπυρωμένης,

483 2123 587 2194 τῆς
611 2124 937 2199 εἰλικρινοῦς
981 2132 1072 2186 καὶ
1108 2134 1321 2204 ἀδόλου,
1350 2138 1489 2196 ἀλλά
1519 2143 1783 2216 διηνεκῶς
1816 2123 1911 2205 ἐπὶ
1945 2123 2065 2208 δια-

486 2216 633 2281 νοίας
668 2235 727 2272 σε
777 2225 1175 2297 περιφέρομεν,
1219 2232 1316 2285 καὶ⁹
1366 2232 1563 2307 ἔχομεν
1588 2227 2065 2315 ὲγκεκόλαμμένον

484 2309 642 2380 ἡμῶν
668 2310 747 2382 τῷ
774 2315 1058 2372 συνειδότι.
1088 2320 1198 2374 Καὶ
1226 2322 1561 2397 ἐϐουλόμεθα
1605 2331 1704 2401 μὲν
1725 2334 1819 2387 καὶ
1841 2309 1974 2407 όρᾷν
2004 2354 2063 2390 σε

485 2401 728 2472 συνεχῶς
748 2421 762 2435 ο
801 2406 924 2460 ἐπεὶ
953 2407 1010 2462 δέ
1041 2410 1208 2467 τοῦτο
1245 2414 1380 2481 τέως
1433 2419 1534 2492 οὑχ
1579 2419 1693 2477 οἷόν
1723 2442 1807 2489 τε,
1954 2428 2064 2483 τῶν

483 2494 830 2564 γραμμάτων
872 2499 971 2570 τὴν
1016 2502 1316 2577 ἐπιθυμίαν
1351 2509 1453 2582 τὴν
1477 2513 1690 2569 ἑαυτῶν
1717 2517 2062 2592 πληροῦμεν,

481 2581 581 2654 τὴν
609 2584 971 2660 ὀφειλομένην
1010 2593 1315 2667 πρόσρησιν
1360 2581 1706 2670 ἀποδιδόντες
1739 2581 1948 2683 σοῦ’τῇί
1970 2581 2065 2667 et»;

483 2671 701 2747 λαϐεία,
753 2678 846 2732 καί
892 2696 953 2734 σε
1000 2687 1425 2761 παρακαλοῦμεν
1459 2694 1554 2748 καὶ
1589 2689 1781 2753 ἑαυτὸν
1827 2704 2065 2776 συνεχῶς

486 2769 619 2839 ἡμῖν
648 2762 1097 2832 ἐπιστέλλεινζΕί
1131 2779 1238 2853 γάρ
1270 2784 1364 2838 καὶ
1394 2786 1453 2840 ἐν
1478 2787 1686 2863 ἐρημίᾳ
1715 2762 2065 2868 διατρίὸόμεν

486 2860 677 2934 πολλῇ,
702 2865 797 2919 καὶ
829 2867 935 2921 ὑπὸ
954 2870 1121 2939 φόϐου
1156 2872 1368 2946 λῃστῶν
1390 2860 1850 2955 πολιορκούμεθα,
1886 2860 1981 2942 καί
2005 2891 2065 2945 ἐν

482 2952 763 3052 ἀρρωστίᾳ
790 2962 1150 3035 τυγχάνομεν,
1181 2966 1296 3021 ἀλλ’
1329 2969 1425 3026 ἐὰν
1455 2952 1740 3046 δεξώμεθα
1758 2980 2063 3052 γράμματα

480 3045 635 3116 παρά
668 3048 768 3121 τῆς
797 3051 1077 3121 εὐγενείας
1114 3057 1217 3128 τῆς
1250 3059 1369 3130 σῆς,
1426 3045 1895 3141 εὐαγγελιζόμενοι
1917 3045 2063 3145 ’ἡμῖν

480 3138 612 3210 περὶ
650 3141 750 3213 τῆς
796 3144 988 3213 ὑγείας
1021 3164 1136 3214 σου,
1190 3152 1391 3226 πολλὴν
1418 3158 1513 3211 καὶ
1539 3159 1599 3213 ἐν
1628 3138 1888 3237 ἀλλοτρίᾳ
1911 3138 2064 3233 ὄντες

478 3235 892 3305 καρπωσόμεθα
923 3238 1027 3310 τὴν
1080 3242 1429 3316 παράκλησιν
1446 3262 1496 3304 ι.
1535 3251 1709 3318 Εἰδὼς
1756 3235 1872 3310 οῦν⁷
1898 3259 2064 3330 ἡλίκα

477 3323 613 3394 ἡμῖν
634 3330 823 3425 χαριῇ,
858 3331 953 3385 καὶ
978 3332 1112 3404 ὅσην
1135 3336 1266 3406 ἡμῖν
1296 3340 1557 3411 παρέξεις
1578 3345 1679 3417 τὴν
1697 3323 2059 3425 εὐφροσύνην,

482 3415 871 3509 ξιὴιφὲονήσης
903 3422 1035 3494 ἡμῖν
1061 3424 1164 3496 τῆς
1192 3430 1462 3504 τοσαύτης
1489 3415 1700 3509 ἡδονῆς,
1733 3415 1868 3497 ἀλλά
1896 3415 2091 3499 σπέύᾷι

478 3502 610 3610 ﬁat:
641 3509 772 3580 ἡμῖν
794 3515 1181 3589 συνεχέστερον
1214 3502 1584 3583 ἐπιστέλλειν·
1615 3502 1816 3606 πολλὴν
1839 3535 1950 3610 γὰρ
1976 3539 2063 3592 ἐν·

478 3596 670 3653 τεῦθεν
691 3606 1099 3678 καρπωσόμεθα
1126 3611 1225 3683 τὴν
1248 3613 1466 3689 ἡδονήν.

660 3761 812 3838 [710]
849 3769 1020 3836 ι³ί,,Ζ¹⁸
1055 3774 1320 3842 Στουδίῳ
1357 3779 1599 3854 ἐπάρχῳ
1624 3788 1876 3858 πόλεως.

548 3917 679 3978 Οἶδα
713 3925 832 3997 μὲν,
861 3927 944 3982 ὅτι
990 3933 1210 4000 συνετὸς
1254 3934 1352 4004 ὢν,
1388 3939 1484 3994 καί
1517 3941 1834 4016 φιλοσοφεῖν
1882 3949 2059 4019 εἰδὼς,

477 4013 572 4067 καὶ
593 4014 700 4085 πρδ
724 4016 831 4071 τῶν
858 4021 1201 4093 γραμμάτων
1229 4026 1339 4082 τῶν
1360 4028 1646 4102 ἡμετέρων
1676 4013 1867 4107 πράως
1896 4013 2061 4105 οἴσεις

476 4103 574 4159 τοῦ
608 4109 884 4180 μακαρίου
924 4112 1155 4184 ἀδελφοῦ
1188 4117 1289 4189 τῆς
1328 4103 1813 4195 μεγαλοπρεπείας
1840 4129 1940 4200 τῆς
1962 4103 2062 4203 σῆς

477 4198 578 4268 τὴν
602 4199 915 4273 ἀποδημίαν
934 4220 948 4233 ⁸
978 4205 1040 4258 οὑ
1069 4206 1181 4278 γάρ
1210 4208 1278 4262 ἂν
1298 4210 1470 4282 αὑτὴν
1496 4213 1791 4289 καλέσαιμι
1809 4198 2055 4279 θάνατον.

488 4287 707 4360 Ἐπειδὴ
733 4290 792 4344 δὲ
821 4294 917 4347 καὶ
953 4295 1104 4366 ἡμᾶς
1137 4298 1439 4373 ἀναγκαῖον
1462 4302 1530 4357 τά
1560 4309 1690 4379 παρ’
1718 4287 1929 4365 ἐαυτῶν
1947 4316 2060 4368 είσ-

479 4384 748 4451 ενεγκεῖν,
784 4386 1092 4454 παρακαλῶ
1121 4406 1215 4443 σου
1252 4390 1350 4463 τὴν
1373 4390 1803 4471 θαυμασιότητα,
1825 4400 2059 4461 δέσποτα

478 4475 1060 4548 μεγαλοπρεπέστατε,
1109 4482 1205 4536 καὶ
1243 4482 1302 4538 ἐν
1348 4485 1428 4559 τῷ
1463 4488 1642 4562 καιρῷ
1671 4491 1850 4566 τούτῳ
1890 4494 2059 4563 δεῖξαι

480 4568 696 4636 σαυτὸν,
732 4570 830 4643 οὑχ
864 4570 1005 4627 ὥστε
1039 4574 1117 4649 μὴ
1158 4576 1344 4647 ἀλγεῖν
1379 4581 1571 4654 (τοῦτο
1621 4584 1729 4659 γὰρ
1754 4587 2060 4661 ἀμήχανον,

477 4656 764 4730 ἄνθρωπον
824 4661 975 4731 ὄντα,
1017 4665 1112 4719 καὶ⁵
1164 4671 1330 4741 σαρκὶ
1385 4656 1906 4750 συμπεπλεγμένον,
1966 4656 2062 4736 καλ.

474 4749 717 4804 τοιοῦτον
734 4751 1097 4843 ἐπιζητοῦντα
1118 4760 1392 4833 ἀδελφὺν),
1415 4761 1516 4819 ἀλλ
1532 4757 1692 4820 ’ὥστε
1716 4749 1915 4843 μέτρον
1940 4774 2060 4827 ἐπι-

478 4838 653 4893 θεῖναι
678 4842 745 4912 τῇ
783 4841 948 4916 λύπῃ.
985 4842 1156 4901 Οἶσθα
1185 4848 1296 4921 γάρ
1325 4849 1435 4904 τῶν
1455 4838 1905 4924 ἀνθρωπίνωναὸ
1937 4857 2061 4911 ἐπί-

477 4948 670 5003 κηρον,
714 4934 810 4988 καὶ
853 4936 936 4992 ὄτι
985 4941 1267 5011 ποταμίων
1295 4943 1586 5014 ῥευμάτων
1622 4949 1869 5018 μιμεῖται
1899 4948 2061 5020 φύσιν

476 5024 548 5077 τὰ
580 5024 907 5098 πράγματα,
940 5031 1036 5086 καὶ
1059 5033 1136 5097 ὡς
1156 5034 1406 5100 ἐκείνους
1452 5036 1650 5107 μόνους
1691 5040 1795 5111 χρὴ
1826 5042 2062 5115 μακαρί-

479 5119 618 5182 ζειν,
661 5121 788 5184 τοὺς
836 5124 975 5194 μετά
1019 5127 1266 5199 χρηστῆς
1300 5127 1515 5194 ἐλπίδος
1565 5132 1938 5197 καταλύοντας
1969 5135 2061 5189 τὸν

479 5208 726 5281 παρόντα
753 5210 889 5283 βίον.
917 5215 991 5267 Οὑ
1014 5217 1123 5289 γὰρ
1147 5219 1242 5272 ἐπὶ
1263 5219 1493 5277 θάνατον
1519 5222 1792 5295 ἔρχονται,
1816 5224 1932 5279 ἀλλ’
1950 5226 2060 5280 ἀπὸ

476 5300 586 5354 τῶν
615 5300 844 5372 ἀγώνων
873 5305 966 5358 ἐπὶ¹
995 5309 1061 5362 τά
1093 5309 1347 5382 βραδεῖα,
1370 5314 1479 5367 ἀπὸ
1523 5316 1633 5370 τῶν
1662 5316 2060 5388 παλαισμάτων

478 5390 572 5446 ἐπὶ
589 5396 717 5460 τοὺς
744 5399 1063 5469 στεφάνους,
1087 5401 1195 5455 ἀπὺ
1223 5405 1322 5475 τῆς
1340 5409 1754 5482 τεταραγμένης
1783 5410 2060 5484 θαλάσσης

476 5486 572 5539 ἐπὶ
602 5486 798 5560 λιμένα
816 5489 1151 5562 ἀκύμαντον.
1194 5496 1360 5551 Ταῦτ’
1390 5494 1484 5553 οὖν
1514 5501 1712 5555 ἐννοῶν
1741 5504 2057 5575 παρακάλει

479 5578 699 5646 σαυτὸν,
731 5582 853 5636 ἐπεὶ
869 5583 962 5637 καὶ
987 5585 1148 5657 ἡμεῖς
1171 5587 1271 5660 οὐχ
1295 5591 1372 5653 ὡς
1399 5588 1588 5662 ἔτυχεν
1608 5591 1922 5667 ἀλγοῦντες,
1957 5612 2058 5669 με-

548 5781 568 5806 ⁶
592 5787 702 5838 Duo
721 5799 835 5837 mss.
859 5787 1209 5851 καρπωσόμεθα
1225 5790 1310 5849 τήν
1329 5789 1636 5856 παραμυθίαν.

1164 346 1221 401 S.
1262 346 1547 405 ΙΙΟΑΝΝΙΞ»
1584 347 2082 408 CHIKYSOSTOMI
2121 349 2442 408 ARCHIEP.
2483 354 3029 418 CONSTANTINOP.
3604 361 3691 419 7ὶὲ

2170 464 2364 537 γίστην
2398 467 2498 535 τῆς
2530 469 2818 540 ἀλγηδόνος
2847 470 3043 541 ἔχομεν
3074 473 3437 543 παραμυθίαν,
3463 476 3553 550 τὴν
3581 482 3694 552 ἀρι-

2168 569 2271 634 τὴν
2299 571 2395 626 τοῦ
2425 572 2641 645 ἀνδρὸς,
2667 574 2733 646 ἢν
2764 576 2857 630 καὶ
2885 575 3037 648 αὑτῷ
3074 577 3158 632 σοὶ
3181 582 3439 654 μεγίστην
3459 580 3595 657 οἶμαι
3616 592 3696 659 φέ-

2170 691 2286 746 ρειν
2305 676 2672 749 παράκλησιν.
2698 678 2761 733 El
2793 678 2896 751 μὲν
2931 678 3042 753 γὰρ
3072 684 3305 756 πονηρός
3334 683 3491 758 τιςῆν
3511 691 3537 742 ὁ
3557 691 3695 748 ἀπελ-

2168 780 2298 848 θὼν,
2349 784 2445 836 καὶ
2491 784 2691 849 κακίας
2739 784 2947 856 γέμων,
2980 785 3087 840 ἔδει
3131 787 3345 861 θρηνεῖν
3367 792 3457 846 καὶ
3477 793 3696 868 ὀλοφύρε-

2171 887 2294 942 σθαι
2322 888 2517 943 τούτου
2553 889 2713 961 χάριν
2733 907 2747 921 ·
2773 891 2963 962 ἐπειδὴ
2996 892 3054 948 δὲ
3091 894 3329 962 τοιοῦτος
3368 899 3456 952 καὶ
3481 901 3605 954 οὕτω
3630 902 3697 973 βε.

2168 992 2405 1058 ὕιωκὼς,
2463 994 2541 1058 ώς
2581 995 2769 1052 ἅπασα
2820 992 2962 1053 οἶδεν
2993 1000 3027 1070 ἡ
3053 999 3231 1065 πόλις,
3270 1002 3387 1072 μετ’
3415 1006 3696 1071 ἐπιεικείας,

2170 1084 2309 1157 μετά
2333 1087 2723 1159 χρηστότητος,
2744 1089 2803 1143 τὺ
2823 1089 3035 1144 δίκαιον
3062 1092 3152 1145 ἀεὶ
3166 1094 3423 1165 τιμήσας,
3451 1099 3696 1170 παρρησία

2165 1178 2233 1248 τῇ
2261 1178 2616 1252 προσηκούσῃ
2644 1181 3012 1252 χρησάμενος,
3051 1182 3357 1256 ἐλευθερίᾳ,
3386 1186 3603 1259 ἀνδρείᾳ,
3622 1190 3697 1241 οὑ-

2165 1281 2254 1338 δὲν
2281 1281 2351 1337 τὰ
2373 1284 2620 1356 παρόντα
2647 1287 3025 1359 ἡγησάμενος,
3059 1287 3176 1341 ἀλλ’
3198 1288 3471 1362 ἀλλότριος
3489 1290 3579 1362 τῆς
3597 1291 3697 1362 βιω-

2164 1389 2327 1459 τικῆς
2351 1388 2646 1459 γενόμενος
2687 1391 2990 1462 φροντίδος,
3025 1390 3356 1460 ἀγάλλεσθαι
3392 1390 3515 1464 χρὴ,
3539 1394 3698 1465 ἐκείνῳ

2164 1508 2226 1545 τε
2252 1491 2598 1565 συνήδεσθαι,
2625 1495 2690 1565 τῇ
2715 1510 2776 1547 τε
2809 1493 3208 1567 θαυμασιότητι
3248 1497 3313 1565 τῇ
3349 1498 3436 1566 σῇ,
3466 1496 3542 1549 ὅτι
3564 1494 3700 1551 τοιοῦ-

2163 1615 2255 1653 τον
2280 1598 2640 1683 προέπεμψας
2667 1599 2914 1668 ἀδελφὸν,
2947 1600 3006 1654 ἐν
3038 1599 3220 1671 ἀσύλῳ
3245 1598 3426 1654 λοιπὸν
3458 1599 3719 1696 θησαυρῷκ

2165 1702 2314 1774 ειπερ
2363 1670 2503 1775 ἔχων
2550 1703 2815 1777 ἀπῆλθεν,
2864 1704 3057 1777 ἔχοντα
3081 1704 3151 1760 τά
3177 1705 3377 1774 ἀγαθά.
3428 1670 3517 1776 Μή
3552 1670 3700 1759 τοίνυν

2164 1810 2386 1878 ἀνάξιόν
2437 1827 2491 1865 τι
2536 1810 2738 1865 σαυτοῦ
2771 1810 2985 1885 λογίσῃ,
3015 1809 3253 1866 δέσποτά
3289 1827 3393 1880 μου
3436 1809 3702 1881 θαυμασιώ-

2162 1933 2315 1982 τατε,
2348 1916 2774 1987 κατακλώμενος
2810 1914 2891 1986 τῷ
2946 1914 3157 1976 πένθει,
3190 1914 3330 1970 ἀλλά
3349 1914 3511 1981 δεῖξον
3537 1914 3700 1968 σαυτὸν

2163 2022 2259 2076 καὶ
2283 2024 2342 2075 ἐν
2367 2020 2447 2093 τῷ
2483 2022 2713 2092 παρόντι
2740 2018 3066 2092 καιρῷ,-καὶ
3095 2018 3337 2089 δηλῶσαι
3389 2020 3516 2090 ἡμῖν
3562 2033 3702 2088 παρα-

2164 2125 2417 2197 κλήθητι,
2437 2126 2520 2179 ὅτι
2548 2123 2741 2194 γέγονέ
2772 2124 2858 2177 σοί
2887 2139 2941 2176 τι
2980 2122 3140 2177 πλέον
3178 2123 3273 2176 καὶ
3306 2121 3528 2177 ἀπὸτῶν
3552 2139 3701 2194 γραμ-

2166 2233 2355 2306 μάτων
2387 2232 2499 2287 τῶν
2533 2229 2840 2303 ἡμετέρων,
2888 2228 2978 2286 ἴνα
3020 2229 3115 2283 καὶ
3145 2230 3332 2301 ἡμεῖς,
3380 2228 3443 2280 ἐκ
3485 2227 3699 2281 τοσούτου

2164 2318 2469 2411 καθήμενοι
2500 2338 2893 2409 διαστήματος,
2923 2333 3418 2406 καλλωπιζώμεθα,
3441 2334 3541 2388 ἀπὸ
3567 2332 3701 2403 ψιλῆς

2165 2426 2458 2518 ἐπιστολῆς
2501 2444 2638 2501 πολὺ
2674 2444 2776 2517 τῆς
2830 2444 3067 2515 ἀθυμίας
3111 2441 3320 2513 ταύτης
3349 2438 3700 2513 ὑποτέμνεσθαι

2164 2550 2504 2623 δυνηθέντες.

2692 2688 2868 2755 Ριιιιν.
2915 2685 3200 2757 ἮσυχΙῳ.

2233 2845 2300 2899 Τί
2340 2845 2527 2912 τοῦτο;
2575 2842 2764 2908 Οὕτως
2811 2840 2971 2914 ἡμῶν
3011 2840 3259 2914 σφοδρῶς
3288 2839 3430 2913 ἐρῶν
3461 2835 3591 2911 (οὑδὲ
3614 2832 3702 2906 γὰρ

2162 2952 2354 3017 ἔλαθες
2381 2951 2550 3023 ἡμᾶς,
2570 2949 2801 3021 ἐπείπερ
2820 2948 2880 3001 οὑ
2902 2946 3127 3001 δυνατὸν
3167 2947 3404 3019 ἐραστήν
3445 2961 3564 2998 ποτε
3597 2957 3700 3008 σφο-

2166 3056 2294 3131 δρὸν
2311 3056 2493 3111 λαθεῖν
2504 3055 2594 3110 τδν
2617 3052 3286 3129 ἐρώμενον),γραμμάτων
3306 3054 3451 3126 ἡμᾶς
3468 3052 3559 3105 οὑκ
3569 3046 3701 3119 ἠξίω-

2164 3182 2284 3231 σας,
2317 3164 2432 3219 ἀλλ’
2465 3164 2697 3237 ἠνέσχου
2722 3165 2847 3236 σιγῇ
2879 3162 3130 3234 κατέχειν
3160 3161 3254 3215 τὸν
3281 3161 3486 3233 Epona;
3512 3157 3570 3210 Τί
3594 3166 3700 3206 ποτε

2161 3273 2271 3343 ἄρα
2296 3272 2358 3327 τὸ
2372 3272 2543 3327 αἴτιον
2564 3289 2579 3340 ;
2610 3269 2752 3339 Ἐγὼ
2779 3268 2877 3341 μὲν
2894 3270 3069 3324 εἰπεῖν
3086 3269 3186 3322 οὑκ
3201 3267 3315 3339 ἔχω
3339 3284 3353 3298 ·
3379 3266 3467 3321 σὸν
3486 3265 3538 3319 δὲ
3557 3261 3611 3317 ἂν
3631 3259 3699 3330 atq

2165 3372 2304 3446 μετά
2325 3373 2386 3427 τὸ
2411 3371 2572 3427 λῦσαι
2586 3372 2685 3444 τὴν
2713 3370 2992 3443 σιγὴνριαὶ
3004 3369 3311 3442 τὴνάίτίαν
3328 3370 3498 3423 εἰπεῖν
3522 3364 3612 3434 τῆς
3633 3377 3700 3413 σι’

2161 3484 2285 3554 γῆς.
2303 3481 2403 3536 Διὰ
2426 3479 2534 3552 γάρ
2553 3479 2713 3534 τοῦτο
2738 3481 2836 3534 καὶ
2868 3478 3135 3550 πρότερον
3162 3480 3276 3542 τοῖς
3310 3473 3600 3551 [711]πρδς
3623 3469 3701 3539 τὴν

2162 3584 2263 3658 σὴν
2291 3584 2569 3653 εὐγένειαν
2594 3583 3021 3656 ἐπεπηδήσαμεν
3042 3583 3390 3656 γράμμασιν,
3415 3582 3496 3637 ἵνα
3513 3578 3628 3652 μηδὲ
3638 3577 3700 3638 εἰς

2160 3688 2322 3745 τοῦτό
2360 3706 2443 3743 σοι
2481 3689 2821 3758 καταφυγεῖν
2860 3684 2978 3759 ἐξῇ.
3006 3686 3191 3758 Γράφε
3224 3684 3291 3756 δὴ
3322 3682 3550 3756 συνεχῶς
3574 3681 3700 3752 ἡμῖν,

2161 3798 2398 3852 δέσποτα
2425 3797 2826 3869 αίδεσιμὼτατε
2871 3795 2965 3850 καὶ
3008 3793 3386 3864 εὑγενέστατε,
3413 3792 3504 3848 καὶ
3528 3788 3701 3859 πλήξω

2160 3905 2261 3976 τὴν
2296 3901 2595 3973 ἐπιθυμίαν
2621 3900 2799 3974 ἡμῶν.
2817 3900 2929 3955 Καὶ
2949 3898 3058 3970 γάρ
3078 3897 3225 3965 ἅπαξ
3246 3895 3591 3970 χειρωθέντες
3616 3886 3701 3944 ἀπὺ

2161 4010 2355 4081 φήμης
2384 4008 2552 4080 ψιλῆς
2597 4006 2790 4078 μόνης,
2837 4005 2932 4059 καὶ
2981 4004 3330 4070 συνδεθέντες
3365 4020 3457 4059 σου
3487 4005 3548 4074 τῇ
3576 3999 3703 4066 εὐγε-

2162 4114 2302 4186 νείᾳ,
2330 4112 2452 4167 οὐδὲ
2477 4113 2544 4168 ἂν
2578 4113 2734 4168 αὐτοὶ
2766 4114 2927 4185 σιγᾷν
2957 4111 3327 4184 δυνηθείημεν
3360 4110 3559 4173 λοιπὸν,
3598 4103 3701 4159 οὔτε

2160 4217 2256 4274 τοῦ
2290 4217 2553 4288 σιγῶντος
2601 4201 3071 4289 ἀνέχεσθαι,ἀλλά
3109 4218 3279 4291 μυρία
3309 4236 3391 4273 σοι
3433 4214 3702 4288 παρέξομεν

2162 4323 2487 4397 πράγματα,
2520 4324 2569 4378 εί
2611 4322 2686 4395 μὴ
2713 4325 2959 4395 συνεχεῖς
2987 4322 3082 4378 καὶ
3114 4322 3329 4387 πυκνὰς
3347 4323 3477 4395 ἡμῖν
3497 4319 3701 4389 πέμπεις

2159 4428 2258 4491 τὰς
2288 4425 2601 4494 ἐπιστολὰς,
2663 4427 2731 4497 τῇ
2786 4424 3084 4497 πυκνότητι
3127 4423 3239 4479 τῶν
3270 4422 3600 4496 γραμμάτων
3621 4413 3702 4484 τὴν

2162 4533 2229 4586 ἐκ
2258 4531 2359 4603 τῆς
2382 4529 2685 4602 παρουσίας
2708 4529 3063 4602 σοφιζόμενος
3087 4529 3302 4601 ἡδονήν.

2511 4688 2678 4754 Ριιθ.
2720 4683 2993 4754 Δανιήλῳ
3020 4682 3420 4753 πρεσϐυτέρῳ.

2233 4861 2539 4935 Εὐλογητὸς
2561 4864 2590 4915 ὁ
2622 4860 2775 4928 Θεὸς,
2813 4861 2843 4914 ὁ
2870 4858 3050 4929 πολλῷ
3095 4857 3319 4931 μείζονα
3360 4856 3468 4912 τῶν
3502 4851 3702 4923 θλίψεων

2163 4965 2424 5037 παρέχων
2445 4962 2947 5035 τὴν-παράκλησιν,
2980 4962 3078 5015 καὶ
3104 4963 3234 5034 ὑμῖν
3263 4960 3530 5031 τοσαύτην
3554 4955 3704 5015 διδοὺς

2159 5060 2262 5131 τὴν
2291 5058 2594 5129 ὑπομονὴν,
2631 5054 2822 5121 ὡςκαὶ
2849 5055 2988 5127 μετά
3027 5055 3232 5124 πολλῆς
3275 5053 3601 5125 εὐφροσύνης
3627 5044 3704 5115 φέο

2166 5181 2279 5235 ρειν
2305 5162 2374 5218 τὰ
2412 5161 2799 5234 συμπίπτοντα
2819 5161 2963 5233 λυπη
2974 5160 3062 5233 ρά.
3092 5159 3265 5215 Τοῦτο
3292 5160 3524 5232 μάλιστα
3548 5151 3703 5208 διπλα-

2162 5268 2410 5333 σιάζεται
2456 5267 2587 5339 ὑμῖν
2617 5265 2708 5319 τὸν
2755 5263 2967 5337 μισθὸν,
3014 5263 3077 5318 τὺ
3112 5266 3207 5320 καὶ
3235 5264 3440 5336 φέρειν,
3471 5261 3560 5316 καὶ
3587 5252 3701 5329 μετὰ

2158 5373 2336 5445 χαρᾶς
2366 5371 2552 5443 φέρειν
2573 5388 2588 5403 ·
2628 5368 2788 5426 τοῦτο
2821 5370 2915 5424 καὶ
2939 5371 3076 5442 ἡμῖν
3130 5369 3331 5440 πολλὴν
3371 5366 3591 5441 παρέχει
3619 5360 3700 5429 τὴν

2157 5464 2528 5549 παράκλησιν,
2554 5477 2684 5531 ὅταν
2715 5474 3003 5547 ἀκούωμεν
3032 5477 3132 5550 τὴν
3159 5475 3405 5547 ἀνδρείαν
3429 5471 3590 5544 ὑμῶν,
3617 5465 3700 5535 τὴν

2157 5581 2494 5654 παρρησίαν,
2527 5580 2591 5634 τὸ
2618 5581 3024 5653 ἀπερίτρεπτον
3051 5582 3153 5652 τῆς
3180 5579 3424 5650 γνώμης,
3448 5577 3541 5648 τὴν
3570 5574 3698 5628 εὐτο-

2155 5684 2299 5750 νίαν,
2333 5682 2434 5761 τὴν
2468 5681 2766 5755 ὑπομονὴν,
2797 5682 2896 5755 τὴν
2928 5685 3250 5757 καρτερίαν,
3298 5683 3390 5738 τὸν
3439 5679 3588 5752 ζῆλον
3620 5672 3697 5727 τὸν

2160 5788 2329 5862 πυρὸς
2370 5786 2722 5860 θερμότερον.
2773 5787 2874 5843 Διά
2912 5787 3086 5847 ταῦτα
3127 5790 3221 5843 καὶ
3255 5787 3314 5844 ἐν
3354 5783 3547 5859 ἐρημίᾳ
3587 5774 3698 5837 καθ-
