3950 6388
267 366 364 424 721

253 501 394 556 -.erga
436 485 716 540 caritatem
748 493 983 542 nostram
1032 487 1285 543 evasisti?
1331 487 1446 543 Non
1490 488 1737 558 equidem
1766 504 1861 544 ar:

272 577 464 640 bitror;
490 594 664 648 neque
692 579 833 634 enim
855 578 972 633 fieri
1000 591 1176 648 pOtest
1199 621 1214 647 ,
1243 589 1302 635 ut
1321 581 1499 636 anima
1537 589 1642 636 tam
1667 582 1859 646 amica,

268 681 382 725 tam
425 670 624 725 fervida
656 681 852 725 tantam
880 671 1228 726 mutationem
1259 672 1510 742 patiatur.
1543 675 1625 727 An
1657 689 1784 728 vero
1811 683 1863 729 te

271 765 505 819 fortasse
536 764 752 820 morbus
795 763 1056 819 detinuit?
1082 767 1152 819 At
1195 765 1282 820 hic
1319 765 1702 835 impedimento
1745 779 1872 821 esse

273 874 384 913 non
418 857 614 927 potuit,
636 857 918 927 quominus
960 857 1243 912 scriberes.
1266 857 1528 925 Quoniam
1556 857 1714 927 igitur
1739 873 1864 912 cau-

272 965 390 1004 sam
419 951 724 1020 ignoramus
748 989 762 1014 ,
794 949 953 1004 simul
997 959 1051 1004 et
1074 949 1349 1004 silentium
1376 949 1522 1004 solve
1545 990 1560 1013 ,
1591 959 1645 1003 et
1669 948 1864 1004 silentii

1726 370 2108 431 EPISTOLIE.

3457 391 3562 446 722

1971 491 2040 546 ad
2068 501 2297 548 mortem
2324 507 2549 566 pergunt
2572 540 2586 564 ,
2618 499 2713 554 sed
2739 515 2770 555 a
2799 503 3182 560 cert-minibus
3209 504 3282 560 ad“
3305 509 3520 576 pra-mia
3541 549 3558 573 ,

1969 597 2001 636 a
2028 583 2188 641 luetis
2210 601 2272 641 ac
2294 587 2554 656 palaestris
2579 589 2644 643 ad
2675 606 2926 655 coronas,
2950 609 2981 648 a
3012 597 3144 649 mari
3179 597 3427 666 procellis
3449 598 3560 667 agi-

1971 685 2082 732 tato
2131 678 2196 732 ad
2225 690 2436 748 portum
2487 685 2850 754 tranquillum.
2883 686 3008 742 Haec
3049 703 3178 758 ergo
3203 690 3444 760 cogitans
3479 700 3562 744 te-

1970 767 2142 836 ipsum
2173 772 2470 839 consolare,
2491 775 2920 846 quandoquidem
2950 793 3048 833 nos
3072 795 3286 850 quoque
3315 795 3420 835 non
3449 796 3566 834 tne-

1970 857 2138 913 diocri
2163 860 2346 916 dolore
2361 865 2590 932 correpti
2623 867 2854 921 maximo
2881 879 3122 924 nostrum
3144 887 3430 926 maerorem
3469 886 3561 926 so-

1971 951 2100 1006 latio
2143 955 2480 1024 mitigamus,
2511 973 2630 1012 cum
2676 961 2841 1014 menti
2868 970 3062 1016 nostrae
3089 963 3184 1018 viri
3228 963 3369 1019 illius
3393 965 3564 1019 virtus

272 1055 491 1095 causam
520 1039 715 1105 indica,
747 1051 802 1094 et
824 1040 1214 1109 quamprimum
1242 1041 1522 1110 epistolam
1544 1041 1717 1108 mitte,
1746 1057 1865 1111 quae
1959 1045 2305 1112 obversatur,
2335 1062 2400 1102 ex
2429 1064 2530 1118 qua
2557 1065 2662 1104 non
2690 1050 2904 1117 dubito,
2935 1053 3062 1122 quin
3093 1053 3182 1108 tibi
3213 1069 3424 1125 quoque
3446 1071 3562 1109 Ina-

272 1147 378 1188 nos
404 1131 474 1186 de
501 1141 586 1185 tua
614 1131 916 1186 valetudine
959 1133 1218 1187 certiores
1262 1132 1436 1187 faciat.
1474 1132 1563 1188 Sic
1583 1135 1724 1188 enim
1755 1149 1867 1188 ma-

275 1223 424 1276 ximo
451 1236 548 1277 nos
575 1220 779 1276 efficies
806 1221 1089 1288 beneficio,
1114 1231 1167 1277 et
1195 1223 1501 1278 solitudinis
1529 1239 1636 1279 non
1662 1225 1868 1280 medio-

273 1329 373 1367 cre
406 1311 562 1368 nobis
587 1313 836 1368 solatium
860 1314 1124 1383 praebebis
1145 1356 1160 1382 ,
1192 1315 1233 1368 si
1265 1313 1529 1386 ejusmodi
1568 1316 1752 1372 literas
1778 1333 1868 1372 ac-

273 1405 598 1474 ceperimus.
638 1404 745 1458 Sed
791 1420 922 1460 cave
956 1406 1223 1475 pigriteris
1253 1425 1266 1460 :
1296 1405 1482 1461 nam‘si
1525 1407 1626 1462 hac
1650 1419 1866 1479 accepta

275 1495 494 1550 demum
538 1496 761 1567 epistola
808 1497 1078 1552 silentium
1113 1512 1330 1566 serves,
1359 1514 1466 1553 non
1503 1501 1736 1570 amplius
1768 1516 1864 1555 ve-

276 1588 422 1640 niam
453 1587 729 1654 dabimus,
760 1588 854 1643 sed
879 1598 929 1643 te
952 1605 1101 1644 reum
1125 1589 1313 1660 ingrati
1342 1591 1505 1644 animi
1531 1606 1865 1660 peragemus.

275 1677 431 1745 Quod
464 1678 555 1732 tibi
577 1720 591 1743 ,
626 1687 708 1733 sat
736 1680 848 1734 scio
871 1722 885 1746 ,
913 1681 1176 1752 supplicio
1201 1681 1390 1752 quovis
1418 1693 1562 1737 esset
1602 1684 1866 1740 acerbius.

529 1771 769 1828 CXCVI.
799 1773 961 1828 Actio.
991 1775 1234 1846 (Cucuso
1258 1791 1400 1832 anno
1437 1777 1601 1848 404.)

348 1862 458 1918 Nos
487 1874 591 1918 tuac
612 1867 851 1921 caritatis
877 1867 1118 1922 oblivisci
1142 1883 1247 1922 non
1268 1884 1576 1939 possumus,
1603 1870 1864 1937 ardentis,

275 1957 535 2024 sincerae,
583 1957 852 2014 defaecata:
876 2001 891 2026 ,
923 1976 1104 2030 purae,
1151 1963 1479 2034 minimeque
1523 1964 1744 2034 fucatae,
1776 1967 1869 2021 sed

275 2062 538 2120 perpetuo
566 2061 616 2106 te
640 2053 819 2107 animo
849 2055 1293 2125 circumferimus,
1327 2069 1381 2114 et
1410 2059 1731 2131 insculptum
1772 2078 1867 2131 pe-

275 2145 415 2198 ctori
465 2153 651 2199 nostro
692 2155 981 2217 gestamus.
1027 2149 1094 2205 Et
1135 2167 1455 2224 cuperemus
1500 2155 1714 2226 quidem
1763 2156 1869 2212 fre-

275 2247 506 2308 quenter
534 2249 584 2294 te
610 2243 1105 2312 cernerezquando
1154 2255 1332 2302 autem
1373 2247 1484 2316 jam
1532 2249 1584 2303 id
1621 2249 1735 2304 fieri
1776 2265 1869 2305 ne-

276 2330 421 2401 quit,
449 2340 685 2386 nostram
737 2349 832 2403 per
867 2333 1046 2390 literas
1076 2337 1427 2405 cupiditatem
1469 2339 1780 2409 explemus,
1817 2351 1871 2396 et

277 2433 386 2478 tuae
439 2425 623 2494 pietati
667 2425 901 2481 debitam
949 2428 1322 2484 salutationem
1361 2432 1752 2500 persolvimus,
1806 2448 1869 2488 ac

279 2525 332 2571 te
377 2519 722 2572 cohortamur
742 2560 756 2583 ,
792 2529 850 2573 ut
878 2521 993 2589 ipse
1037 2536 1250 2592 quoque
1279 2523 1475 2592 saepius
1504 2524 1571 2578 ad
1611 2540 1710 2580 nos
1737 2526 1871 2580 scri-

275 2607 399 2662 bas.
429 2607 759 2679 Quamquam
789 2610 932 2666 enim
966 2612 1130 2666 multa
1172 2614 1224 2666 in
1263 2613 1552 2670 solitudine
1581 2616 1822 2687 degimus
1849 2660 1864 2684 ,

273 2714 338 2754 ac
379 2711 526 2755 metu
565 2700 830 2756 latronum
859 2702 1190 2770 obsidemur,
1224 2705 1518 2777 morboque
1541 2707 1864 2774 detinentur,

274 2792 322 2846 si
345 2800 527 2847 tamen
559 2808 588 2847 a
615 2803 700 2847 tua
723 2795 1001 2853 nobilitate
1027 2796 1211 2853 literas
1239 2799 1626 2868 acceperimus,
1656 2814 1774 2868 quae
1802 2798 1868 2853 de

276 2893 370 2939 tua
399 2885 704 2942 valetudine
744 2889 1000 2944 certiores
1028 2904 1125 2944 nos
1166 2889 1392 2958 faciant,
1423 2878 1676 2954 multam,
1707 2889 1868 2945 etiam

273 2975 404 3030 dum
445 2991 664 3046 peregre
704 2993 1000 3048 versamur,
1027 2980 1446 3036 consolationem
1492 2981 1869 3050 percipiemus.

274 3065 409 3120 Cum
441 3066 599 3137 igitur
626 3069 847 3125 minime
887 3071 1130 3141 ignores,
1172 3081 1423 3142 quantam
1465 3087 1495 3126 a
1525 3073 1680 3128 nobis
1707 3073 1869 3127 initu-

273 3171 371 3211 rus
395 3158 470 3211 sis
498 3159 743 3229 gratiam,
769 3170 962 3231 quanta
990 3175 1088 3216 nos
1109 3161 1290 3217 laetitia
1319 3164 1394 3218 sis
1424 3163 1731 3231 all'ecturus,
1765 3180 1832 3220 ne
1852 3205 1867 3231 ,

274 3263 463 3320 quaeso
486 3292 501 3318 ,
533 3258 732 3305 tantam
785 3253 938 3308 nobis
977 3252 1217 3309 invideas
1262 3255 1624 3325 voluptatem,
1671 3256 1764 3311 sed
1803 3257 1870 3312 da

273 3357 518 3412 operam,
537 3351 598 3398 ut
623 3343 954 3415 frequentius
981 3346 1047 3402 ad
1077 3363 1176 3403 nos
1202 3348 1383 3404 literas
1409 3350 1590 3406 mittas
1613 3350 1870 3405 :multam

273 3440 420 3494 enim
452 3439 576 3495 inde
606 3443 906 3511 percepturi
939 3457 1121 3498 sumus
1145 3442 1494 3515 voluptatem.

411 3572 689 3630 CXCVII.
717 3573 903 3630 Studia
937 3574 1010 3647 (a)
1044 3580 1281 3648 praefecto
1313 3578 1468 3633 urbis.
1500 3577 1729 3652 (Cucuso

918 3684 1060 3727 anno
1084 3669 1234 3742 404.)

349 3803 476 3861 Scio
499 3805 746 3875 equidem
783 3813 834 3860 te
869 3805 1185 3875 prudentem
1215 3805 1485 3863 hominem
1503 3850 1518 3874 ,
1541 3823 1606 3864 ac
1634 3807 1872 3880 philoso-

277 3898 484 3968 phandi
516 3901 742 3968 peritum
766 3940 782 3964 ,
813 3900 972 3956 etiam
999 3908 1283 3970 antequam
1319 3901 1502 3957 literas
1533 3913 1744 3957 nostras
1786 3918 1877 3958 ac-

278 3991 470 4059 cipias,
491 3989 630 4045 beati
657 3991 836 4048 fratris
866 3991 1270 4062 magnificentiae
1302 4001 1406 4047 tuae
1431 3993 1724 4064 discessum
1757 4011 1875 4049 mo-

280 4082 469 4136 derate
499 4083 728 4137 laturum
759 4100 775 4136 :
814 4099 926 4138 non
957 4085 1098 4138 enim
1123 4093 1353 4139 mortem
1379 4085 1555 4155 placet
1580 4086 1870 4157 appellare.

279 4173 547 4238 Quoniam
585 4185 765 4229 autem
813 4189 912 4229 nos
938 4176 1097 4229 etiam
1119 4191 1238 4244 quae
1271 4183 1575 4231 nostrarum
1605 4185 1730 4231 sunt
1756 4192 1878 4246 par-

283 4266 418 4318 tium
449 4275 701 4334 praestare
723 4281 945 4321 necesse
969 4274 1073 4333 est,
1105 4268 1478 4323 excellentiam
1499 4276 1642 4322 tuam
1669 4267 1874 4334 hortor,

281 4355 502 4410 domine
521 4355 1041 4426 magnificentiSSiine
1069 4358 1109 4422 ί,
1137 4364 1197 4412 ut
1233 4357 1336 4412 hoc
1361 4373 1572 4428 quoque
1602 4367 1841 4428 tempore
1859 4399 1875 4426 ,

283 4447 459 4516 qualis
488 4461 566 4515 es,
597 4457 648 4502 te
679 4448 850 4518 ipsum
882 4447 1135 4504 exhibeas
1159 4491 1175 4515 ,
1203 4463 1308 4502 non
1333 4457 1391 4502 ut
1416 4450 1635 4504 omnino
1657 4464 1760 4503 non
1783 4449 1880 4504 do-

285 4538 402 4592 leas
435 4557 449 4594 :
477 4539 530 4594 id
557 4540 698 4594 enim
727 4540 842 4594 fieri
872 4541 1086 4610 nequit,
1115 4555 1236 4594 cum
1257 4541 1418 4596 homo
1446 4541 1520 4595 sis
1545 4542 1754 4610 corpori
1780 4557 1880 4596 an-

285 4645 479 4698 nexus,
508 4641 562 4686 et
582 4631 845 4700 ejusmodi
876 4633 1094 4687 fratrem
1123 4635 1362 4702 requiras
1389 4649 1403 4686 :
1429 4631 1524 4687 sed
1569 4642 1624 4687 ut
1651 4633 1882 4687 tristitiae

286 4721 508 4776 modum
540 4722 816 4778 adhibeas.
862 4722 1014 4779 Nosti
1059 4724 1200 4778 enim
1230 4737 1387 4793 quam
1417 4722 1631 4794 fragiles
1660 4723 1769 4780 sint
1796 4739 1883 4780 res

288 4816 575 4884 humanae,
607 4831 670 4871 ac
714 4815 1010 4871 fluvialium
1058 4816 1420 4872 conditionem
1471 4817 1730 4872 undarum
1764 4817 1884 4872 imi-

290 4916 492 4972 tentur,
522 4908 599 4962 sic
635 4917 694 4962 ut
718 4924 814 4964 eos
839 4909 1013 4964 solum
1041 4909 1226 4965 beatos
1251 4909 1456 4965 censeri
1484 4918 1763 4979 oporteat,
1794 4909 1884 4979 qui

285 5015 414 5055 cum
442 5000 580 5055 bona
611 5015 707 5071 spe
750 5010 1070 5070 praesentem
1102 5005 1265 5060 vitam
1295 5003 1549 5057 finierint.
1579 5001 1700 5057 Non
1738 5001 1883 5058 enim

364 5100 377 5125 ¹
409 5097 540 5162 Post
568 5111 757 5162 vocem,
795 5095 1264 5162 ittqgiti/tcenlissinte
1309 5094 1880 5162 (usy_at).orrpau_ém1sio

291 5156 466 5216 adjicit
510 5153 752 5223 Saviiius,
778 5164 823 5208 et
851 5153 1179 5223 it'lys'trissime
1224 5153 1710 5223 (ξαῖἐνδοξᾲτὰτεη.
1731 5153 1883 5223 ambae

296 5233 420 5266 vero
459 5216 865 5281 compellationes
908 5219 1114 5268 'l‘atiano
1145 5218 1378 5281 praefecto
1409 5219 1544 5266 urbis
1572 5216 1887 5266 ascribuntur

293 5281 349 5330 in
377 5280 556 5339 Synod.
581 5281 828 5340 Chalced.,
852 5281 962 5330 Act.
985 5281 1031 5328 1.

246 5384 256 5392 .
361 5353 617 5412 (ultimus
639 5349 785 5412 Studii
809 5347 998 5412 mentio
1018 5346 1135 5412 facta
1158 5351 1234 5394 est
1256 5345 1306 5412 in
1331 5346 1429 5394 vita
1453 5343 1769 5412 ctirysostomi
1795 5356 1886 5407 per

291 5407 573 5470 Palladium,
600 5409 755 5459 studii
779 5407 998 5471 praefecti
1021 5407 1168 5466 urbis,
1193 5409 1275 5469 qui
1304 5420 1412 5471 cum
1437 5407 1761 5471 aliis'ibidem
1786 5419 1889 5454 me-

287 5473 498 5532 moratis
517 5469 805 5522 calumniam
829 5483 856 5518 a
877 5477 1062 5532 Joanne
1088 5472 1332 5532 episeopo.
1358 5469 1404 5517 id
1430 5476 1508 5517 est
1535 5469 1886 5531 Cbrysostomo,

284 5531 632 5596 dcpcllebant,
657 5547 769 5597 quae
790 5533 947 5597 omnia
962 5531 1181 5595 pluribus
1201 5534 1251 5582 in
1270 5533 1369 5580 vita
1390 5532 1726 5594 Clirysostomi,
1743 5537 1890 5578 't‘omo

289 5599 471 5662 primo.
501 5595 629 5662 Alius
650 5595 814 5662 autem
831 5595 1108 5662 bic_e§t,‘_ut
1127 5602 1265 5644 recte
1285 5601 1453 5641 monet
1473 5600 1646 5642 Fronto
1669 5599 1887 5662 Ducaeus,

288 5655 362 5710 ab
387 5671 448 5707 eo
469 5660 631 5710 Studio
653 5660 735 5721 qui
759 5669 886 5706 anno
902 5655 1011 5716 459,
1038 5658 1313 5721 imperante
1331 5663 1510 5714 Leone,
1533 5662 1579 5721 s_,
1605 5655 1889 5721 Praecursori

293 5721 535 5782 templum
560 5717 739 5780 erexit,
766 5723 814 5770 in
847 5731 946 5782 quo
965 5717 1686 5782 monachosAcaametasdictos
1707 5717 1889 5765 consti-

291 5779 429 5834 tuit':
457 5783 635 5847 quibus
656 5779 880 5847 tempore
903 5781 1074 5832 Leonis
1097 5781 1244 5831 Isauri
1269 5781 1461 5846 praefuit
1481 5779 1762 5831 Theodorus
1781 5786 1887 5830 Stu-

295 5847 430 5897 ditcs
452 5847 620 5897 dictus.

1971 1137 2112 1191 xima
2141 1139 2434 1194 consolatio
2463 1142 2784 1210 praebeatur.
2811 1143 2944 1198 Nam
2974 1145 3018 1199 si
3045 1146 3261 1215 quidem
3286 1146 3566 1216 improbus

1973 1229 2160 1285 fuisset
2185 1231 2230 1287 is
2264 1231 2353 1300 qui
2379 1232 2660 1302 discessit,
2695 1244 2750 1290 et
2778 1237 3069 1292 sceleribus
3097 1247 3414 1307 coopertus,
3447 1239 3568 1306 ejus

1972 1336 2133 1376 causa
2175 1321 2460 1392 lugendum
2509 1339 2571 1378 ac
2619 1325 3018 1380 lamentandum
3044 1336 3230 1382 esset:
3259 1343 3382 1383 cum
3431 1341 3566 1382 vero

1973 1415 2115 1480 talis,
2146 1424 2202 1469 et
2227 1415 2305 1470 sic
2329 1425 2597 1471 transacta
2641 1417 2747 1472 vita
2768 1459 2784 1482 ,
2814 1427 2869 1472 ut
2892 1427 2999 1472 tota
3024 1419 3210 1474 civitas
3239 1419 3410 1486 novit,
3439 1434 3560 1474 cum

1972 1506 2235 1562 modestia
2258 1549 2272 1573 ,
2304 1521 2426 1562 cum
2457 1507 2708 1577 lenitate,
2734 1509 2992 1579 justitiam
3019 1525 3232 1580 semper
3256 1510 3443 1566 colens
3465 1551 3481 1575 ,
3509 1518 3564 1563 et

1973 1615 2036 1655 ea
2080 1615 2181 1670 qua
2221 1615 2318 1670 par
2345 1611 2462 1656 erat
2492 1600 2682 1656 fiducia
2707 1600 2962 1670 praeditus
2983 1643 2997 1666 ,
3047 1602 3291 1657 libertate
3313 1642 3328 1665 ,
3357 1601 3566 1654 fortitu-

1973 1691 2120 1757 dine,
2153 1707 2240 1747 res
2263 1703 2557 1763 praesentes
2590 1708 2686 1762 pro
2708 1693 2876 1747 nihilo
2907 1692 3127 1759 habens,
3157 1691 3252 1748 sed
3291 1692 3360 1746 ab
3387 1692 3565 1745 omni-

1973 1785 2073 1840 bus
2115 1787 2257 1840 curis
2283 1785 2629 1841 saecularibus
2666 1785 2871 1841 alienus
2898 1785 3086 1851 fuerit,
3114 1786 3280 1840 laetari
3310 1793 3561 1859 oportet,

1975 1888 2176 1933 ac-tum
2207 1878 2314 1946 illi,
2347 1888 2456 1934 tum
2485 1877 2817 1932 excellentiae
2862 1885 2965 1932 tuae
2994 1877 3275 1948 gratulari,
3309 1875 3451 1946 quod
3481 1884 3562 1928 ta-

1975 1970 2082 2025 lem
2128 1970 2348 2025 fratrem
2398 1970 2758 2040 praemiseris,
2788 1969 2878 2038 qui
2926 1984 2989 2023 ea
3020 1969 3180 2036 bona,
3212 1983 3331 2037 quae
3382 1967 3568 2020 habuit

1977 2077 2099 2116 cum
2121 2061 2384 2124 discessit,
2417 2061 2470 2115 in
2493 2069 2606 2114 tuto
2633 2060 2884 2128 deinceps
2912 2069 2966 2114 et
2994 2058 3284 2114 inviolabili
3313 2057 3565 2112 thesauro

1976 2151 2270 2206 collocarit.
2294 2151 2412 2206 Noli
2441 2165 2568 2221 ergo
2597 2150 2887 2220 quidquam
2920 2159 2970 2202 te
2993 2148 3264 2217 indignum
3292 2148 3527 2218 cogitare
3546 2187 3562 2212 ,

1975 2244 2196 2299 domine
2238 2242 2308 2296 mi
2347 2242 2632 2312 plurimum
2663 2241 3000 2312 suspiciende
3023 2281 3039 2306 ,
3072 2241 3154 2295 vel
3183 2240 3326 2295 luctu
3348 2238 3518 2307 frangi
3549 2255 3562 2289 :

1977 2335 2071 2390 sed
2102 2335 2204 2389 hoc
2229 2344 2489 2403 tempore,
2518 2333 2690 2403 qualis
2709 2348 2789 2398 es,
2811 2331 3036 2400 teipsum
3069 2332 3285 2395 exhibe,
3311 2331 3568 2400 nobisque

1976 2426 2279 2496 signiﬁcare
2307 2424 2558 2494 dignare,
2592 2432 2802 2478 nostras
2840 2423 2933 2476 tibi
2964 2422 3146 2476 literas
3175 2421 3474 2492 profuisse,
3509 2432 3568 2476 ut

1977 2532 2077 2571 nos
2107 2531 2318 2585 quoque
2346 2524 2491 2570 tanto
2532 2529 2562 2567 a
2592 2521 2644 2568 te
2668 2512 2945 2568 intervallo
2972 2511 3222 2580 disiuncti
3253 2511 3564 2581 gloriemur,

1975 2607 2116 2679 quod
2143 2607 2312 2662 solius
2339 2605 2581 2674 epistolae
2619 2602 2880 2659 beneficio
2910 2619 3016 2658 non
3056 2601 3396 2658 mediocriter
3425 2603 3568 2657 hunc

1976 2714 2263 2756 mterorem
2291 2698 2620 2768 potuerimus
2644 2696 2908 2766 mitigare.

2154 2828 2464 2888 CXCVIII.
2507 2828 2783 2900 Hesychia.
2824 2827 3056 2900 (Cucuso
3080 2841 3219 2882 anno
3247 2823 3397 2898 404.)

2047 2968 2184 3038 Quid
2215 2968 2317 3023 hoc
2344 2976 2422 3023 est
2445 2965 2610 3037 quod,
2641 2981 2762 3021 cum
2791 2973 2895 3020 tam
2915 2963 3265 3020 vehementer
3293 2977 3389 3017 nos
3417 2977 3568 3018 ames

1978 3064 2175 3138 (neque
2204 3063 2346 3118 enim
2390 3061 2442 3115 id
2470 3075 2572 3116 nos
2597 3060 2764 3125 latet;
2813 3074 2935 3113 nam
2975 3056 3090 3111 fieri
3120 3056 3337 3126 nequit,
3381 3065 3438 3110 ut
3477 3055 3566 3125 qui

1977 3158 2324 3212 vehementer
2349 3161 2522 3219 amat,
2551 3167 2674 3207 eum
2703 3152 2864 3205 lateat
2888 3164 3046 3220 quem
3073 3163 3257 3203 amore
3286 3145 3566 3218 prosequi-

1979 3250 2128 3320 tur),
2173 3247 2340 3302 literis
2370 3245 2588 3299 minime
2630 3258 2726 3297 nos
2754 3242 3002 3311 dignatus
3044 3256 3104 3296 es
3128 3282 3142 3306 ,
3193 3239 3288 3296 sed
3329 3253 3567 3293 amorem

1978 3341 2192 3398 silentio
2219 3353 2462 3410 premere
2491 3334 2748 3406 potuisti?
2773 3334 3036 3402 Quidnam
3068 3333 3226 3403 igitur
3251 3346 3425 3386 causae
3445 3329 3568 3385 est?

1978 3433 2242 3504 Equidem
2269 3430 2394 3501 quid
2424 3429 2598 3484 dicam
2637 3442 2743 3482 non
2783 3426 2992 3493 habeo;
3047 3433 3194 3479 tuum
3246 3436 3407 3493 porro
3445 3422 3570 3488 erit,

1980 3535 2038 3581 ut
2061 3525 2187 3580 dum
2217 3523 2428 3579 silentio
2457 3522 2616 3576 finem
2646 3521 2922 3590 impones,
2951 3517 3109 3573 simul
3139 3527 3193 3572 et
3216 3515 3411 3571 silentii
3439 3529 3570 3569 cau-

1979 3632 2094 3672 sam
2119 3613 2405 3686 signilices.
2435 3611 2726 3680 Propterea
2753 3624 2985 3678 namque
3031 3608 3235 3677 priores
3274 3605 3340 3659 ad
3377 3603 3571 3658 nobili-

1982 3717 2144 3764 tatem
2175 3713 2317 3760 tuam
2359 3703 2542 3759 literas
2575 3701 2820 3756 misimus
2842 3740 2859 3766 ,
2906 3708 2962 3752 ut
2990 3713 3056 3750 ne
3088 3696 3192 3751 hoc
3233 3694 3447 3765 quidem
3477 3693 3572 3747 tibi

1981 3797 2274 3869 perfugium
2326 3793 2680 3863 relinquatur.
2751 3789 3085 3859 Frequenter
3135 3787 3296 3858 igitur
3351 3783 3420 3838 ad
3471 3799 3572 3838 nos

1979 3890 2190 3954 scribe,
2221 3887 2437 3943 domine
2479 3885 2766 3956 plurimum
2804 3879 3105 3937 venerande
3129 3893 3191 3932 ac
3220 3875 3570 3942 nobilissime,

1980 3982 2412 4050 desideriumque
2450 3986 2696 4032 nostrum
2725 3973 2900 4044 exple.
2945 3969 3125 4027 Semel
3167 3969 3365 4040 quippe
3407 3966 3572 4020 solius

1982 4075 2111 4130 nudi
2139 4073 2369 4128 rumoris
2397 4067 2649 4124 illecebra
2689 4065 2863 4135 capti,
2909 4071 2966 4117 et
3002 4076 3122 4116 cum
3170 4068 3257 4114 tua
3295 4055 3573 4113 nobilitate

1981 4167 2236 4232 devincti,
2268 4179 2368 4220 nec
2389 4163 2489 4234 ipsi
2519 4172 2697 4216 tacere
2725 4158 2994 4229 potuimus
3019 4153 3267 4223 amplius,
3299 4166 3398 4207 nec
3421 4159 3571 4203 tuum

1982 4259 2254 4317 silentium
2283 4257 2514 4312 tolerare
2541 4272 2556 4308 a
2581 4253 2677 4308 sed
2705 4250 2879 4306 modis
2903 4249 3150 4304 omnibus
3181 4245 3274 4301 tibi
3300 4241 3572 4314 negotium

1983 4350 2310 4406 facessemus
2332 4387 2348 4415 ,
2380 4345 2483 4401 nisi
2509 4344 2790 4400 continuas
2815 4356 2878 4396 ac
2910 4339 3218 4409 frequentes
3237 4334 3304 4390 ad
3330 4348 3429 4388 nos
3454 4332 3573 4400 epi-

1985 4445 2150 4500 stolas
2174 4443 2376 4508 mittas,
2405 4449 2459 4494 et
2479 4437 2784 4508 praesentia:
2809 4435 3138 4505 voluptatem
3163 4430 3438 4484 literarum
3467 4423 3574 4479 fre-

1985 4538 2198 4610 quentia
2221 4534 2542 4590 adumbrare
2566 4527 2880 4586 contendas.

2022 4646 2267 4706 CXCIX.
2292 4645 2497 4699 Danieli
2525 4642 2814 4714 presbytero
2836 4637 2934 4712 (a).
2977 4635 3207 4710 (Cucuso
3227 4646 3368 4688 anno
3387 4629 3542 4702 404.)

2058 4759 2378 4816 Benedictus
2431 4757 2612 4820 Deus,
2663 4755 2749 4824 qui
2793 4751 2961 4806 multo
3008 4747 3266 4818 majorem
3321 4744 3578 4801 aerumnis

1988 4853 2406 4909 consolationem
2457 4847 2714 4917 largitur,
2772 4850 3079 4911 tantamque
3131 4838 3286 4894 vobis
3341 4837 3580 4908 impertit

1990 4944 2297 5017 patientiam
2323 4983 2338 5008 ,
2387 4949 2444 4996 ut
2469 4940 2629 4993 multa
2654 4937 2812 4992 etiam
2847 4950 2968 4990 cum
3007 4932 3271 4987 hilaritate
3296 4945 3414 5001 quae
3435 4929 3579 4984 acci-

1991 5039 2121 5095 dunt
2163 5037 2388 5092 adversa
2431 5033 2689 5088 toleretis.
2735 5031 2844 5085 l‘loc
2884 5027 3152 5099 praecipue
3181 5025 3333 5079 vobis
3375 5037 3582 5078 merce-

1991 5131 2114 5187 dem
2145 5130 2379 5199 duplicat
2403 5170 2418 5195 ,
2449 5126 2588 5198 quod
2615 5134 2669 5178 et
2693 5122 2931 5178 toleretis
2950 5161 2965 5187 ,
2997 5127 3051 5175 et
3076 5133 3195 5174 cum
3223 5115 3416 5187 gaudio
3445 5113 3580 5168 tole-

1991 5226 2120 5280 retis
2157 5241 2170 5277 :
2206 5224 2308 5277 hoc
2349 5235 2447 5274 nos
2498 5231 2710 5288 quoque
2753 5230 2860 5269 non
2906 5210 3164 5267 mediocri
3211 5204 3579 5263 consolatione

1992 5325 2219 5381 recreat,
2251 5329 2372 5370 cum
2398 5311 2465 5365 de
2492 5318 2668 5365 vestra
2693 5304 3021 5368 fortitudine,
3040 5301 3288 5372 loquendi
3314 5298 3577 5361 libertate,

1994 5408 2188 5466 mentis
2215 5402 2533 5466 constantia,
2566 5397 2868 5461 tolerantia,
2895 5393 3172 5465 patientia,
3201 5390 3339 5455 zelo,
3367 5386 3578 5441 flamma

1994 5499 2316 5570 fervidiore,
2366 5494 2433 5549 ad
2481 5507 2580 5548 nos
2621 5490 2882 5546 adfertur.
2928 5484 3284 5555 Quamobrem
3325 5478 3485 5534 etiam
3529 5477 3582 5570 in

1994 5568 2640 5651 solitudine'constituti,
2698 5597 2763 5637 ac
2805 5589 2952 5636 metu
3001 5575 3310 5648 praedonum
3351 5568 3582 5633 obsessi,

2061 5719 2133 5773 (a)
2159 5711 2344 5759 Omnes
2368 5700 2747 5773 hiSS_.,.A.qvtﬁ).Q)
2770 5697 3092 5773 npsonu'réptp,
3122 5699 3177 5773 et
3207 5692 3460 5773 siqetiam
3489 5681 3580 5773 Sag

1998 5757 2131 5821 vitinz'
2144 5757 2297 5832 quare
2323 5779 2415 5812 non
2443 5761 2616 5832 dubito
2643 5757 2771 5832 hanc
2786 5757 3058 5832 genuinam
3073 5770 3183 5807 esse
3211 5757 3493 5807 lectionem.
3527 5757 3578 5806 lu

2001 5822 2174 5888 Morel:
2210 5842 2300 5881 vos
2325 5825 2649 5890 πρεσϐυτέρῳ,
2672 5822 3003 5873 desideratur.
