3950 6368
505 350 608 405 ῗίδ

501 466 714 535 iamque
743 465 934 523 hiemis
965 476 1204 540 tempore
1232 471 1461 527 divexati
1482 515 1498 540 ,
1548 475 1680 529 nihil
1709 476 1931 531 istorum
1981 495 2092 548 prze

499 557 696 610 eximia
747 559 976 613 nominis
1007 561 1167 614 vestri
1209 563 1520 618 celebritate
1565 566 1870 621 sentimus:
1903 568 1997 623 sed
2038 577 2095 625 et

502 649 832 702 exsultamus
869 660 924 704 et
953 650 1264 720 gaudemus,
1293 661 1346 707 et
1371 665 1588 725 propter
1613 656 1750 712 hanc
1774 667 1974 713 tantam
2003 675 2094 714 ve-

431 780 441 787 .
501 749 665 794 stram
701 742 1005 809 patientiam
1043 759 1140 798 nos
1183 735 1473 801 efferimus.
1520 748 1590 804 Ut
1628 751 1786 820 igitur
1809 751 1934 805 dum
1977 753 2093 808 haec

501 829 747 884 audimus
774 872 788 896 ,
831 847 1044 902 semper
1068 835 1396 904 gaudeamus
1421 880 1434 902 ,
1467 854 1682 909 semper
1707 842 1862 897 nobis
1886 851 1941 898 et
1969 858 2095 898 con-

502 922 652 974 tinuo
683 921 862 977 literas
890 925 1082 980 mittite
1105 968 1119 992 ,
1146 943 1264 996 qua:
1293 944 1412 984 eum
1445 931 1512 986 de
1552 932 1633 988 bis
1661 935 1822 990 rebus
1841 977 1855 1002 ,
1889 945 1998 991 tum
2026 938 2094 994 de

510 1021 684 1065 vestra
712 1013 1016 1069 valetudine
1043 1032 1138 1070 nos
1169 1017 1366 1074 faciant
1387 1021 1662 1080 certiores.
1687 1025 1872 1096 Magna
1899 1028 2096 1099 quippe

504 1117 602 1156 nos
630 1103 680 1156 id
707 1113 927 1173 agentes
955 1106 1134 1162 laetitia
1166 1109 1510 1187 perfundetis.

506 1193 604 1248 CC.
644 1194 940 1251 Callistrato
968 1197 1189 1254 Isauria:
1217 1203 1471 1274 episcopo.
1515 1204 1747 1278 (Cucuso
1773 1223 1912 1264 anno
1940 1210 2094 1280 404.)

575 1285 826 1354 Optarent
867 1289 1112 1359 equidem
1162 1297 1560 1351 venerationem
1593 1306 1736 1352 tuam
1777 1312 2094 1370 praesentem

506 1374 593 1429 hic
619 1392 861 1447 eernere,
910 1391 970 1435 ut
1013 1391 1104 1438 tuo
1144 1399 1356 1454 possem
1401 1388 1658 1443 obiectari
1687 1405 2000 1460 congressu,
2033 1410 2097 1449 ac

502 1472 714 1526 sincera
756 1471 1086 1544 ferventique
1117 1485 1204 1530 tua
1249 1476 1352 1532 frui
1382 1479 1603 1536 caritate
1630 1498 1644 1535 :
1676 1484 1888 1552 quando
1919 1495 2094 1540 autem

510 1562 559 1614 id
610 1563 842 1618 nondum
889 1565 1048 1634 licet,
1093 1581 1215 1622 cum
1267 1579 1485 1640 prepter
1523 1573 1650 1628 anni
1700 1585 2093 1645 tempestatem,

511 1660 622 1706 tum
672 1665 888 1724 propter
934 1657 1141 1712 itineris
1183 1660 1658 1732 longinquitatem,
1713 1666 1947 1722 debitam
2004 1668 2095 1723 tibi

507 1762 605 1816 per
649 1747 833 1802 literas
884 1750 1254 1807 salutationem
1311 1756 1593 1822 persolvo;
1649 1772 1712 1813 ac
1766 1760 2096 1814 venerationi

507 1846 612 1890 tuae
651 1839 848 1908 gratias
891 1854 1027 1910 ago,
1071 1843 1212 1912 quod
1260 1844 1428 1900 literis
1475 1846 1582 1902 tuis
1626 1847 1874 1918 dignatus
1897 1851 1973 1904 sis
1998 1866 2097 1906 nos

511 1927 795 1984 lacessere.
849 1930 962 1986 Hoc
1005 1933 1148 1988 enim
1176 1933 1436 1992 ferventis
1462 1953 1525 1994 ac
1547 1940 1771 1995 sincera:
1793 1951 1876 1996 est
1904 1943 2095 1997 amici-

505 2018 595 2072 tise
618 2035 631 2072 :
657 2035 830 2090 neque
857 2023 1028 2077 solum
1058 2040 1165 2080 non
1195 2027 1445 2095 absurde,
1475 2030 1569 2084 sed
1597 2040 1651 2085 et
1682 2031 1772 2086 tibi
1802 2031 2096 2089 admodum

501 2115 886 2168 convenienter
908 2117 1082 2186 egisti.
1130 2117 1244 2173 Hoc
1281 2119 1461 2191 itaque
1487 2123 1641 2178 nobis
1679 2125 1895 2181 assidue
1933 2127 2098 2183 bene-

509 2205 686 2260 fttium
715 2207 926 2278 largire,
945 2209 1119 2280 deque
1139 2213 1440 2270 valetudine
1463 2225 1549 2270 tua
1574 2216 1903 2287 frequentius
1932 2220 2100 2276 redde

501 2297 783 2352 certiores.
837 2299 989 2366 Quod
1018 2303 1063 2356 si
1112 2301 1226 2359 ﬁeri
1264 2314 1484 2374 potestr
1518 2317 1577 2361 ut
1618 2308 1854 2363 laborem
1898 2311 1964 2366 ad
2003 2328 2100 2367 nos

505 2402 676 2458 usque
720 2391 962 2445 veniendi
1005 2395 1280 2450 veneratio
1321 2405 1405 2451 tua
1445 2399 1732 2468 suscipiat,
1765 2415 1974 2456 summo
2003 2418 2100 2458 nos

509 2482 772 2538 beneficio
799 2485 890 2540 tibi
934 2487 1234 2555 devincies,
1284 2505 1346 2544 ac
1376 2492 1541 2546 multa
1575 2493 1754 2547 lmtitia
1784 2496 2096 2565 eomplebis.

500 2575 642 2628 Cum
674 2576 832 2647 igitur
874 2578 1141 2650 intelligas
1174 2597 1271 2636 nos
1316 2597 1528 2652 quoque
1558 2599 1851 2655 percupere
1877 2603 2102 2642 venera-

505 2665 706 2720 tionetn
755 2677 896 2722 tuam
950 2685 1204 2735 cernere,
1260 2688 1432 2744 neque
1473 2689 1586 2730 rem
1632 2677 1952 2733 laboriosam
1980 2694 2100 2735 esse

500 2755 792 2811 admodum
818 2800 833 2825 ,
862 2759 906 2813 si
941 2769 1148 2832 tempus
1175 2761 1267 2816 fiat
1293 2763 1544 2820 idoneum
1574 2766 1641 2821 ad
1680 2766 1784 2823 iter
1809 2769 2095 2839 agendum,

506 2865 574 2902 ne
614 2858 703 2905 tuo
743 2866 1034 2923 Congressu
1064 2870 1160 2910 nos
1191 2856 1383 2926 prives.
1417 2857 1597 2914 Donec
1626 2859 1677 2914 id
1717 2860 1841 2927 fiat,
1872 2861 1938 2915 da
1965 2878 2098 2934 ope-

501 2955 642 3005 ram,
674 2949 732 2996 ut
760 2944 1087 3014 voluptatem
1115 2961 1234 3002 eam
1256 2989 1272 3015 ,
1302 2964 1460 3019 quam
1491 2953 1776 3021 praesentia
1805 2962 1889 3008 tua
1914 2970 2098 3011 secum

501 3033 765 3099 accersit,
795 3049 892 3102 per
917 3032 1434 3106 frequentesliteras
1459 3040 1702 3112 efﬁngas.

707 3123 840 3178 CCI.
883 3125 1146 3181 Herculio.
1189 3128 1296 3202 (Ab
1317 3146 1457 3188 anno
1482 3133 1587 3188 404
1624 3134 1691 3188 ad
1721 3135 1874 3206 407.)

573 3212 716 3268 Nihil
756 3225 840 3270 cst
879 3219 1231 3286 quamobrem
1275 3221 1512 3277 diuturni
1555 3225 1754 3280 silentii
1793 3228 2097 3284 excusatio-

502 3321 626 3360 nem
653 3323 880 3375 qumras,
904 3318 956 3364 et
978 3310 1043 3364 ad
1074 3312 1346 3368 raritatem
1372 3314 1772 3372 tabellariorum
1797 3318 2094 3390 confugias,

503 3397 719 3454 domine
771 3401 843 3454 mi
912 3403 1433 3473 magnificentissime
1485 3422 1550 3463 ac
1603 3408 1864 3480 imprimis
1917 3412 2097 3483 suspi-

502 3490 712 3546 eiende.
764 3491 872 3547 Nos
899 3492 1041 3548 enim
1067 3536 1082 3560 ,
1124 3496 1237 3552 sive
1266 3499 1503 3566 scribas,
1534 3500 1646 3555 sive
1673 3512 1849 3557 taceas
1869 3539 1888 3570 ,
1929 3503 2096 3559 nihilo

503 3593 678 3639 tamen
706 3586 875 3656 magis
905 3587 1028 3642 ideo
1053 3587 1120 3644 de
1143 3591 1409 3646 sententia
1438 3601 1494 3647 et
1521 3593 1804 3662 opinione,
1836 3611 1996 3664 quam
2026 3595 2098 3653 de

503 3685 590 3729 tua
619 3675 838 3731 caritate
866 3680 1245 3748 concepimus,
1299 3696 1586 3751 possumus
1631 3685 1893 3741 dimoveri
1925 3704 1940 3740 :
1971 3702 2093 3743 cum

500 3765 570 3820 ita
599 3768 881 3824 manifeste
910 3770 1068 3825 rebus
1117 3771 1246 3841 ipsis
1291 3773 1432 3827 illam
1479 3773 1845 3844 expresseris,
1896 3786 1955 3832 ut
1999 3779 2094 3833 toti

497 3857 698 3912 civitati
724 3867 906 3914 notum
940 3861 1134 3928 fuerit,
1180 3879 1339 3934 quam
1375 3863 1681 3921 vehementi
1721 3881 1785 3921 ac
1812 3882 2096 3938 propemo-

497 3952 628 4008 dum
657 3954 846 4010 insano
875 3971 1058 4012 amore
1095 3957 1262 4013 nostri
1306 3957 1580 4031 flagrares.
1630 3960 1988 4018 Nihilominus
2017 3973 2096 4018 ta-

497 4061 620 4100 men
649 4049 727 4103 sic
752 4048 930 4104 affecti
952 4052 1169 4106 crebras
1195 4052 1442 4123 accipere
1470 4053 1654 4110 literas
1678 4054 1746 4110 ab
1773 4057 2093 4113 excellentia

498 4145 584 4192 tua
616 4141 956 4210 percupitnus
981 4183 997 4210 ,
1046 4158 1166 4212 quae
1215 4144 1283 4199 de
1328 4155 1430 4199 tuae
1475 4146 1794 4202 valetudinis
1821 4155 1963 4204 statu
1993 4164 2092 4206 nos

497 4226 842 4284 admoneant.
901 4231 971 4287 Ut
1014 4234 1158 4287 enim
1207 4233 1325 4304 ipse
1366 4233 1582 4301 dixisti,
1631 4238 1921 4293 maximum
1949 4240 2090 4296 istud

496 4321 851 4390 separationis
878 4323 1126 4379 solatium
1155 4324 1349 4381 afferre
1367 4367 1384 4394 ,
1421 4327 1466 4381 si
1493 4327 1559 4383 de
1584 4343 1764 4385 noswa
1784 4331 2092 4390 valetudine

485 4415 693 4469 certior
720 4413 816 4470 fias
850 4416 972 4487 (nec
1004 4425 1054 4472 te
1092 4417 1258 4484 latet,
1291 4421 1475 4490 quanti
1513 4421 1616 4478 hoc
1642 4421 1733 4478 fiat
1757 4423 1827 4480 ab
1851 4424 2087 4495 homine,

493 4507 586 4578 qui
616 4524 797 4564 amare
824 4514 1050 4577 noverit,
1077 4527 1198 4567 cum
1221 4522 1274 4568 et
1298 4514 1411 4586 ipse
1425 4530 1606 4573 amare
1634 4517 1802 4588 probe
1827 4519 2088 4593 noveris),

497 4603 567 4657 ita
598 4603 752 4658 nobis
777 4603 879 4659 hoc
903 4615 986 4660 est
1015 4605 1247 4663 maxime
1285 4607 1454 4664 cordi.
1513 4609 1663 4670 Hanc
1709 4611 1890 4683 itaque
1933 4613 2087 4671 nobis

493 4696 730 4751 concede
750 4698 997 4766 gratiam,
1029 4685 1086 4753 ult
1105 4698 1159 4754 in
1183 4708 1325 4756 tanta
1354 4700 1612 4774 degentes
1633 4704 1924 4763 solitudine
1943 4706 2087 4763 mul-

495 4796 603 4842 tam
630 4790 1054 4846 consolationem
1083 4791 1208 4848 inde
1235 4794 1529 4865 capiamus.

929 4927 1097 4983 CCII.
1139 4927 1352 5000 Cyriaco
1376 4931 1634 5002 episcopo.

569 5061 813 5119 llteccine
843 5064 1056 5120 ferenda
1084 5067 1245 5122 sunt?
1289 5067 1530 5124 hmccine
1561 5068 1873 5123 toleranda?
1921 5079 1973 5124 tu
2005 5071 2088 5126 vel

493 5155 738 5211 tnnhram
785 5157 879 5212 tibi
925 5160 1284 5214 excusationis
1325 5169 1613 5230 suppetere
1653 5159 1975 5216 arbitraris?
2030 5161 2087 5218 ln

496 5255 639 5302 tanta
667 5248 877 5303 tristitia
899 5291 914 5316 ,
969 5259 1076 5305 tam
1114 5251 1272 5322 longo
1302 5261 1540 5322 tempore
1561 5295 1573 5317 ,
1602 5253 1654 5307 in
1686 5261 1832 5308 tanto
1860 5253 2088 5310 tumultu

496 5356 557 5396 ne
603 5341 1035 5410 perturbatione,
1087 5342 1138 5397 in
1185 5353 1328 5398 tanta
1377 5344 1720 5399 tribulatione
1767 5360 1829 5400 ac
1871 5344 2084 5399 miseria

493 5433 798 5490 constitutis
825 5434 980 5490 nobis
1023 5450 1090 5490 ne
1120 5436 1288 5490 semel
1317 5435 1531 5506 quidem
1560 5436 1772 5493 mittere
1805 5436 1986 5492 literas
2007 5434 2088 5490 di-

490 5535 684 5594 gnatus
731 5543 790 5583 es
823 5547 837 5583 :
870 5537 925 5582 at
972 5543 1070 5583 nos
1120 5527 1332 5598 quidem
1386 5529 1550 5584 semel
1598 5540 1756 5599 atque
1802 5530 1992 5584 iterum
2035 5539 2089 5585 et

490 5635 634 5688 saepe
665 5620 906 5676 misimus
931 5664 944 5688 ,
979 5631 1032 5676 tu
1081 5636 1210 5676 vero
1253 5631 1360 5676 tam
1403 5622 1560 5692 longo
1593 5630 1831 5692 tempore
1856 5621 2004 5688 siles,
2035 5632 2090 5678 et

494 5711 612 5766 leve
638 5722 911 5782 peceatum
957 5723 1012 5771 te
1044 5714 1325 5771 admisisse
1365 5715 1639 5771 existimas
1661 5757 1676 5782 ,
1719 5729 1840 5770 cum
1873 5725 1980 5770 tam
2007 5715 2087 5769 in—

492 5813 677 5875 gratus
704 5807 755 5861 in
787 5821 885 5864 nos
914 5809 1112 5866 fueris?
1158 5809 1241 5866 Mc
1266 5808 1481 5882 quidem
1507 5810 1562 5867 in
1587 5824 1849 5867 summam
1877 5809 2085 5866 dubita-

1254 359 1308 413 S.
1350 359 1626 416 JOAN‘NIS
1667 360 2137 421 CHRYSOSTOMI
2180 369 2500 428 AllClllEP.
2544 373 3074 433 CONSTANTINOP.
3130 349 3136 356 ⁸
3632 389 3714 448 Hi

2198 487 2396 540 tionem
2428 497 2481 542 et
2509 489 2833 546 anxietatem
2876 491 3170 559 coniecisti.
3217 495 3327 549 Non
3367 499 3498 554 enim
3545 517 3716 572 possunt

2197 591 2412 631 causam
2441 579 2636 634 silentii
2664 583 3016 647 comminisci,
3046 600 3164 639 cum
3203 586 3431 644 ardentis
3457 608 3515 647 ac
3539 594 3720 650 sincera:

2201 675 2305 723 tua:
2334 671 2571 726 caritatis
2613 672 2743 727 mihi
2786 675 2838 729 in
2886 686 3118 731 mentem
3162 679 3340 746 venit,
3377 682 3517 752 cujus
3551 701 3723 756 semper

2197 777 2320 832 erga
2350 778 2446 816 nos
2474 765 2742 833 specimen
2769 766 3004 823 edidisti.
3048 767 3180 823 Nam
3209 787 3376 842 neque
3399 775 3616 844 segnitiei
3653 779 3723 832 tri-

2199 853 2363 909 buere
2395 854 2444 908 id
2475 870 2688 924 possum
2721 872 2735 921 ;
2778 858 2888 912 scio
2919 859 3113 929 quippe
3156 875 3312 930 quam
3339 863 3557 933 vigilanti
3583 868 3726 921 animo

2197 946 2272 1000 sis
2300 963 2316 1011 ;
2343 962 2514 1017 neque
2532 945 2800 1003 formidini
2833 967 2844 1002 :
2874 950 2994 1004 novi
3012 952 3206 1021 quippe
3227 952 3566 1010 fortitudinem
3585 966 3728 1018 tuam:

2199 1053 2370 1108 neque
2402 1041 2599 1109 torpori
2639 1056 2702 1096 ac
2730 1042 2950 1110 pigritia:
2984 1044 3145 1097 :novi
3180 1045 3318 1098 enim
3359 1045 3652 1117 diligentiam
3692 1062 3730 1104 et

2137 1167 2152 1186 κ
2199 1131 2471 1186 solertiam
2517 1142 2694 1200 tuam;
2741 1135 2833 1189 sed
2885 1150 3058 1206 neque
3111 1137 3295 1192 inorbo
3324 1155 3336 1191 :
3370 1140 3560 1192 tametsi
3593 1156 3730 1210 neque

2201 1223 2289 1278 ille
2332 1223 2398 1277 ad
2444 1233 2496 1279 te
2539 1225 2933 1295 impediendum
2980 1226 3279 1293 sufficeret;
3328 1239 3657 1285 verumtamen
3683 1248 3729 1286 ex

2200 1315 2303 1368 illis
2329 1315 2417 1386 qui
2469 1315 2624 1370 istinc
2671 1318 2888 1372 veniunt
2912 1317 3072 1373 didici
3103 1328 3154 1373 te
3185 1335 3371 1374 sanum
3400 1336 3512 1375 esse
3541 1337 3595 1376 ac
3634 1337 3730 1391 pro--

2199 1421 2354 1474 spera
2400 1405 2502 1460 frui
2550 1407 2876 1464 valetudine.
2932 1408 3068 1477 Quid
3118 1410 3276 1480 igitur
3299 1421 3378 1465 est
3405 1397 3606 1466 causae"?
3640 1412 3728 1467 Non

2199 1513 2416 1569 possum
2445 1498 2624 1554 dicere
2651 1541 2666 1564 ,
2723 1499 2818 1556 sed
2866 1499 2970 1556 hoc
3017 1501 3222 1568 solum,
3274 1501 3429 1558 doleo
3465 1513 3516 1557 et
3543 1504 3727 1558 crucior.

2200 1591 2426 1646 Omnem
2475 1592 2632 1661 igitur
2661 1592 2888 1661 lapidem
2928 1609 3120 1660 move,
3171 1603 3228 1649 ut
3271 1595 3370 1650 hoc
3413 1611 3622 1651 maerore
3657 1613 3729 1651 nos

2201 1681 2416 1737 liberes.
2472 1682 2604 1737 Nam
2653 1684 2752 1737 nisi
2790 1672 3020 1753 acceptis
3061 1685 3220 1740 etiam
3269 1688 3350 1740 his
3395 1686 3553 1741 literis
3579 1687 3731 1743 adnos

2200 1774 2364 1828 multa
2389 1788 2512 1830 cum
2540 1774 2816 1830 celeritate
2847 1776 3085 1832 scribere
3112 1778 3361 1847 volueris,
3390 1793 3630 1832 summum
3654 1794 3730 1833 no-

2201 1867 2282 1923 bis
2307 1868 2548 1924 dolorem
2576 1870 2847 1924 inusturus
2875 1885 2934 1924 es
2966 1888 2979 1924 :
3016 1870 3086 1925 ita
3126 1871 3348 1925 multum
3373 1871 3595 1926 adhiberi
3617 1871 3732 1926 laba»

2201 1975 2314 2014 rem
2344 1961 2359 1992 ¹
2389 1975 2524 2030 opus
2551 1970 2652 2026 est,
2685 1969 2744 2015 ut
2777 1971 2957 2016 nostra
2981 1960 3097 2018 lucc
3127 1963 3338 2018 tristitia
3369 1964 3633 2034 mitigetur.

2272 2071 2474 2128 CCIII.
2517 2074 2768 2130 Sallustio
2793 2076 3100 2146 presbytero.
3142 2075 3377 2147 (Cucuso
3404 2093 3535 2132 anno
3556 2075 3680 2147 λοι.)

2271 2167 2386 2222 Νοη
2430 2167 2772 2224 mediocriter
2810 2168 2992 2236 dolui,
3029 2184 3150 2225 cum
3198 2171 3416 2226 allatum
3452 2181 3530 2226 est
3562 2170 3618 2224 ad
3653 2186 3733 2236 me,

2204 2270 2256 2317 te
2283 2277 2347 2318 ac
2373 2263 2728 2334 Theophilum
2754 2265 3124 2338 presbyterum
3151 2268 3426 2338 segniores
3451 2268 3598 2323 factos
3627 2281 3732 2322 csso.

2202 2354 2326 2410 Scio
2365 2370 2595 2426 namque
2637 2371 2799 2410 unum
2846 2372 2914 2412 ex
2951 2357 3102 2412 vobis
3147 2359 3387 2430 quinque
3438 2359 3655 2413 homilias
3685 2357 3732 2412 ad

2201 2443 2484 2500 Octobrem
2517 2447 2591 2517 (τι)
2623 2463 2790 2517 usque
2834 2463 3071 2502 mensem
3102 2445 3356 2506 habuisse
3375 2491 3390 2515 ,
3420 2451 3624 2506 alterum
3649 2447 3735 2502 nul-

2202 2535 2328 2604 lam,
2357 2547 2518 2607 atque
2539 2537 2589 2593 id
2619 2539 2745 2592 mihi
2771 2540 2984 2610 gravius
3013 2539 3112 2594 hac
3135 2540 3422 2597 solitudine
3445 2541 3630 2597 accidit.
3652 2540 3735 2593 lloc

2204 2629 2364 2700 igitur
2379 2630 2551 2697 nobis,
2576 2630 2618 2685 si
2642 2631 2828 2685 falsum
2845 2632 2934 2698 sit,
2966 2631 3215 2697 indicate,
3239 2649 3452 2705 quazso;
3480 2635 3552 2689 sin
3572 2648 3730 2696 verum,

2203 2720 2497 2776 remedium
2525 2721 2795 2789 adhibete,
2831 2739 3032 2794 vosque
3057 2724 3288 2780 invicem
3320 2726 3536 2781 excitate
3565 2743 3578 2778 :
3604 2725 3734 2794 siqui-

2202 2810 2324 2865 dem
2351 2827 2566 2882 gravem
2611 2812 2897 2869 admodum
2943 2815 3072 2869 mihi
3118 2815 3362 2872 dolorem
3409 2817 3638 2881 inuretis,
3672 2824 3734 2869 ta—

2203 2904 2360 2958 metsi
2407 2913 2586 2960 vestro
2633 2905 2920 2961 admodum
2969 2922 3154 2963 amore
3201 2908 3468 2980 flagranti.
3531 2908 3735 2977 Quodque

2201 2995 2415 3065 gravius
2446 3006 2549 3062 est,
2590 3011 2710 3051 cum
2743 3007 2890 3052 tanto
2916 2999 2968 3054 in
2998 3001 3108 3054 otio
3129 3008 3182 3054 et
3209 3000 3400 3056 inertia
3425 3002 3572 3056 vitam
3595 2997 3734 3054 tradu-

2201 3087 2364 3153 catis,
2401 3102 2572 3157 neque
2618 3103 2841 3144 munere
2884 3099 3062 3145 vestro
3102 3089 3418 3161 fungamini,
3449 3092 3644 3146 multum
3668 3089 3735 3142 Dei

2201 3178 2254 3232 in
2283 3192 2378 3234 vos
2411 3177 2666 3249 judicium
2694 3181 3001 3235 acccrsetis.
3055 3181 3185 3248 Quis
3220 3184 3367 3238 enim
3413 3183 3554 3238 venia
3591 3181 3734 3250 dignos

2203 3285 2295 3324 vos
2324 3279 2560 3336 censeat,
2596 3271 2685 3342 qui
2714 3269 2840 3325 dum
2867 3271 3050 3327 cmteri
3081 3275 3542 3344 persequutionem
3569 3272 3733 3343 patiun-

2202 3369 2320 3430 tur,
2360 3361 2414 3416 in
2440 3362 2681 3418 exsilium
2711 3363 3024 3431 mittuntur,
3072 3365 3416 3436 relegantur,
3458 3378 3610 3435 neque
3631 3376 3734 3434 pra-

2199 3456 2368 3510 sentia
2399 3466 2573 3510 vestra
2595 3454 2681 3511 vel
2707 3455 3011 3511 eruditione
3035 3457 3229 3526 pepulo
3257 3456 3733 3530 tempestatejactato

2198 3563 2296 3619 pro
2327 3547 2464 3602 virili
2493 3562 2806 3604 succurrere
2833 3548 3133 3605 studeatis?

2453 3659 2641 3718 CCIV.
2681 3661 2916 3718 Pwauio.
2959 3660 3192 3736 (Cucuso
3221 3677 3366 3718 anno
3395 3661 3536 3732 404.)

2268 3777 2403 3834 Cum
2431 3787 2606 3834 tecum
2643 3777 2824 3834 animo
2846 3787 3114 3849 reputas,
3159 3779 3381 3836 domine
3406 3780 3477 3836 mi
3504 3776 3734 3850 plurimum

2196 3870 2535 3940 suspiciende
2562 3885 2625 3926 ac
2647 3871 2804 3927 nobis
2832 3871 2992 3927 melle
3031 3871 3248 3926 suavior
3269 3913 3288 3940 ,
3336 3886 3494 3943 grave
3524 3884 3581 3924 ac
3603 3864 3735 3922 mole-

2195 3972 2336 4019 stum
2381 3979 2505 4020 esse
2531 3981 2560 4020 a
2598 3965 2756 4021 nobis
2799 3973 3106 4035 separatum
3153 3979 3276 4020 esse
3297 4007 3312 4032 ,
3365 3965 3589 4036 cogitans
3619 3957 3737 4030 quale

2195 4059 2464 4129 negotium
2503 4074 2693 4129 geras,
2725 4067 2884 4129 teque
2913 4060 3185 4114 civitatem
3225 4075 3417 4130 regere
3459 4057 3735 4114 universam.

2193 4151 2280 4206 vel
2306 4150 2482 4220 potius
2509 4158 2678 4204 totum
2702 4150 2886 4206 orbem
2917 4159 3177 4206 terrarum
3205 4165 3306 4221 per
3330 4151 3473 4206 illam
3493 4148 3730 4205 civitatem.

2193 4242 2366 4314 gaude
2382 4252 2437 4298 et
2465 4243 2692 4299 exsulta.
2712 4243 2869 4300 Potes
2889 4243 3032 4300 enim
3059 4259 3180 4299 cum
3210 4245 3438 4301 utilitate
3465 4258 3562 4298 non
3578 4235 3736 4295 medio-

2193 4351 2342 4393 crem
2357 4335 2480 4392 inde
2499 4336 2776 4408 percipere
2797 4337 3145 4407 voluptatem.
3162 4335 3218 4392 Si
3240 4337 3384 4392 enim
3400 4337 3518 4392 dum
3532 4326 3735 4404 pecunias

2195 4428 2434 4485 nonnulli
2471 4428 2761 4500 colligunt,
2807 4443 2925 4498 quae
2951 4438 3007 4484 et
3033 4437 3280 4498 pereunt,
3309 4439 3364 4495 et
3391 4429 3506 4484 illos
3533 4422 3734 4496 perdunt.

2195 4529 2343 4577 tanta
2393 4520 2576 4577 latitia
2626 4520 3054 4592 perfunduntur,
3104 4520 3232 4576 licet
3280 4522 3352 4576 ab
3405 4519 3594 4574 mdibus
3634 4510 3733 4571 suis.

2194 4629 2382 4684 uxore,
2410 4615 2623 4683 liberis,
2654 4624 2713 4672 et
2737 4615 3050 4686 propinquis
3069 4614 3320 4670 omnibus
3349 4613 3513 4668 multo
3542 4614 3735 4674 tempore

2192 4708 2301 4762 sint
2341 4705 2571 4777 sejuncti
2604 4725 2618 4760 :
2648 4708 2769 4777 quis
2807 4705 3194 4777 jucunditatem
3240 4706 3450 4759 illarum
3477 4715 3620 4793 opum
3644 4707 3733 4793 tan-

2194 4810 2477 4872 lorumque
2540 4800 2912 4856 thesaurorum
2967 4799 3145 4856 verbis
3195 4799 3494 4868 exprimere
3546 4787 3732 4864 poterit.

2193 4908 2327 4964 quos
2361 4895 2483 4951 istic
2515 4895 2752 4965 quotidie
2779 4893 2873 4948 tibi
2903 4893 2988 4948 vel
3011 4893 3293 4964 prtesentia
3317 4892 3430 4947 sola
3451 4876 3732 4958 congregaS?

2191 4987 2309 5042 Non
2346 4987 2490 5042 enim
2528 4985 2644 5041 haec
2670 4984 2976 5041 assentandi
3000 4999 3160 5040 causa
3186 4983 3305 5038 dico
3330 5023 3346 5049 ,
3393 4989 3451 5036 ut
3487 4975 3635 5050 probe
3659 4984 3730 5024 n04-

2193 5088 2319 5134 runt
2341 5121 2358 5147 ,
2389 5079 2480 5150 qui
2506 5078 2666 5133 etiam
2696 5078 2918 5134 absente
2944 5086 2997 5133 te
3032 5076 3120 5132 hic
3145 5091 3175 5130 a
3203 5075 3358 5130 nobis
3382 5073 3494 5127 hzec
3526 5065 3729 5126 audiunt,

2265 5195 2748 5267 fSttil-Nowm-..
2848 5258 2858 5267 .
2973 5253 2986 5267 .
3192 5252 3212 5267 .
3306 5250 3320 5267 ,
3364 5245 3554 5267 ,__._,_-.
3579 5241 3650 5267 1...:
3671 5249 3734 5267 ηρ.

2263 5241 2334 5318 (αῇ
2349 5241 2436 5322 tsi
2455 5241 2688 5317 Quatuor
2704 5254 2954 5322 ltissitres
2973 5252 3277 5322 habentftpc
3299 5241 3714 5322 gurgesﬁﬂff‘ﬂﬂf

2199 5305 2439 5386 tob‘réml;
2467 5305 2591 5365 unus
2617 5330 2725 5386 curn
2751 5313 2903 5386 Edjt.,
2932 5316 3023 5385 ἕως
3045 5305 3290 5376 νοεμϐρίοὺ
3317 5309 3403 5386 (ηιξ
3432 5305 3729 5386 obumbrat

3258 5361 3520 5438 νᾳέμϐρίου.

2203 5430 3733 5510 itemCede?“respice-limaverit?”-ll?‘!2€_f’£‘_!“_3i"£fi

2202 5487 2596 5557 ferme'Codices,
2623 5487 2904 5562 ὀκ-ὶωϐρίου,
2929 5487 3167 5555 habeant,
3183 5499 3302 5544 hanc
3318 5487 3554 5542 lectiouen
3570 5487 3734 5556 adol)":

2202 5571 2349 5588 __:_..--_
2393 5578 2500 5588 Μ...
2539 5565 2752 5588 αηηηιιι..-
2779 5565 2924 5588 ..σξη-ε.
2967 5574 3029 5588 n'
3058 5562 3259 5588 ("don-th
3294 5561 3390 5588 qm
3424 5556 3647 5588 mttanll.
3673 5542 3734 5588 ιιιη

2193 5571 2367 5626 vimus,
2391 5578 2501 5629 qua
2539 5553 2752 5613 firmatur
2777 5553 2926 5613 etiam
2967 5574 3029 5611 ex
3056 5553 3261 5623 epistola
3294 5561 3390 5629 2ttt
3424 5553 3647 5616 sequenti.
3673 5553 3735 5588 ¹¹¹¹¹

2198 5632 2366 5650 ..μελη-
2387 5628 2464 5650 l.:..
2489 5628 2593 5650 Lm“
2617 5625 2863 5650 ﬂa‘lI-Inlzulﬁ
2889 5625 2967 5650 ..εν
2987 5624 3205 5650 ηιιῖηηηη
3229 5617 3444 5650 hnmilmc
3465 5623 3621 5650 mansa
3636 5609 3736 5650 οσιο·

2191 5617 2369 5709 φρίξυέ
2387 5617 2466 5700 hic
2489 5625 2867 5709 ειτεεεθξιυξιξξιξ
2880 5625 2973 5709 1‘35
2987 5617 3446 5709 utiquam}???
3457 5617 3737 5709 uastat

2194 5665 2867 5758 Εἱιῖ’ῑῖεὶιιίἰὶξςὶὲζ”“ἰιὲιέἰὸ“ῖξόξῖ
2878 5665 2975 5736 (ἱὰό
2990 5665 3139 5743 his?)
3165 5693 3264 5733 Hoc
3285 5679 3434 5750 igitur
3457 5676 3529 5726 not
3541 5672 3593 5730 is,
3613 5679 3649 5719 st
3666 5665 3732 5726 tat-

2197 5769 2298 5777 -..ω
2325 5750 2384 5777 ,ει
2426 5751 2646 5777 anu-..“
2668 5747 2804 5777 ....t....
2825 5749 2896 5777 οε..
2918 5760 3080 5777 ..ονηην
3125 5741 3389 5777 rnmndnnn
3413 5737 3638 5777 adhibere.
3657 5735 3732 5777 Νῦν

2192 5737 2305 5804 Eata
2320 5737 2406 5811 sit,
2426 5737 2646 5812 inlicere
2668 5737 2804 5811 velis;
2822 5749 2896 5812 sin
2918 5760 3099 5810 rerum,
3113 5737 3391 5796 remedium
3412 5737 3638 5793 adhibere,

2194 5830 2285 5881 que
2313 5813 2509 5867 invicem
2532 5811 2766 5866 excitare.
