3950 6392
307 350 414 407 725

304 471 527 541 ήμενοι,
552 470 650 524 καὶ
676 470 826 543 φόϐῳ
856 471 1070 545 λῃστῶν
1098 474 1569 547 πολιορκούμενοι,
1597 481 1688 532 καὶ
1709 480 1775 550 τῇ
1796 478 1893 533 τοῦ

305 561 580 632 χειμῶνος
608 563 728 637 ὥρᾳ
754 562 939 618 λοιπὸν
968 568 1434 639 κατατεινόμενοι,
1455 570 1670 635 οὐδενὸς
1696 572 1903 627 τούτων

309 653 706 725 αἰσθανόμεθα,
739 654 828 710 διά
862 658 925 711 τὸ
974 658 1206 729 μέγεθος
1239 661 1339 732 τῆς
1376 660 1652 732 ὑμετέρας
1696 663 1904 718 εὐδοκι-

311 750 556 820 μήσεως,
596 748 736 803 ἀλλά
786 751 883 806 καὶ
928 753 1265 824 σκιρτῶμεν,
1318 755 1413 808 ml
1467 754 1755 827 χαίρομεν,
1811 757 1903 810 ml

307 841 460 910 μέγα
489 841 800 913 φρονοῦμεν
826 844 917 896 ἐπὶ
936 846 1003 915 τῇ
1039 846 1280 918 τοσαύτῃ
1309 846 1466 918 ὑμῶν
1489 848 1779 919 καρτερίᾳ.
1802 848 1900 902 ”Ιν’

306 930 407 987 οὖν
448 935 711 1006 διηνεκῶς
749 938 1030 1009 χαίρωμεν
1071 938 1245 994 ταῦτα
1283 940 1601 1006 ἀκούοντες,
1641 940 1903 1011 διηνεκῶς

305 1029 444 1096 ἡμῖν
466 1029 561 1081 καὶ
596 1029 1003 1099 συνεχέσταταιι
1046 1032 1415 1097 ἐπιστέλλετε,
1449 1032 1590 1086 αὐτά
1627 1050 1687 1085 τε
1706 1032 1899 1097 ταῦτα,

252 1176 263 1181 Α
309 1116 410 1170 καὶ
443 1117 509 1171 τά
534 1118 658 1189 περὶ
684 1120 783 1190 τῆς
813 1120 1000 1188 ὑγείας
1036 1120 1190 1192 ὑμῶν
1210 1120 1706 1192 εὐαγγελιζόμενοι.
1729 1120 1904 1190 Μεγί-

310 1224 450 1278 στην
505 1207 613 1281 γάρ
652 1211 780 1281 ἡμῖν
807 1210 1072 1283 παρέξετε
1123 1213 1460 1283 εὐφροσύνην
1513 1212 1760 1265 ἐντεῦθεν
1810 1212 1905 1265 ml

311 1298 533 1370 ἡδονήν.

488 1412 583 1467 Σ’.-
604 1414 1034 1483 Καλλιστράτῳ
1066 1418 1382 1485 ἐπισκόπει)
1422 1420 1740 1488 Ἰσαυρίας.

398 1523 544 1593 Ἐγὼ
579 1525 678 1596 μέν
707 1543 801 1580 σου
833 1527 933 1598 τὴν
965 1529 1254 1585 εὐλάϐειαν
1278 1532 1372 1585 ml
1394 1531 1626 1586 ἐνταῦθα
1658 1548 1907 1605 παραγε-

309 1616 550 1689 νομένην
578 1617 890 1690 ἐπεθύμουν
939 1621 1091 1688 ίδεῖν,
1132 1621 1274 1677 ὥστε
1323 1624 1663 1696 ἐντρυφῆσαί
1711 1642 1806 1679 σου
1834 1628 1902 1696 τῇ

314 1709 601 1782 συνουσίᾳ,
630 1712 723 1764 ml
746 1712 1052 1767 ἀπολαῦσαί
1082 1730 1175 1767 σου
1197 1715 1299 1787 τῆς
1320 1718 1552 1789 γνησίας
1573 1718 1667 1771 ml
1695 1717 1905 1789 θερμῆς

308 1798 575 1870 ἀγάπηςο
609 1800 799 1872 ἐπειδὴ
837 1800 893 1855 δὲ
935 1801 1097 1857 τοῦτο
1133 1804 1274 1869 τέως
1311 1807 1412 1859 οὐκ
1444 1805 1541 1866 ἔνι,
1579 1807 1669 1860 διά
1705 1823 1765 1861 τε
1804 1807 1906 1879 τὴν

309 1887 414 1941 τοῦ
474 1888 627 1953 ἔτους
675 1890 848 1962 ὥραν,
908 1894 1005 1946 καὶ
1056 1894 1116 1947 τὺ
1150 1893 1252 1965 τῆς
1288 1894 1408 1949 ὁδοῦ
1459 1896 1656 1968 μῆκος,
1690 1898 1790 1969 τὴν
1816 1897 1907 1951 διὰ

312 1981 668 2051 γραμμάτων
698 1983 1060 2058 ὀφειλομένην
1103 2002 1186 2040 σοι
1228 1987 1532 2059 πρόσρησιν
1578 1987 1903 2060 ἀποδίδωμι,

312 2072 414 2126 καὶ
459 2074 621 2144 χάριν
665 2074 774 2146 ἔχω
825 2090 925 2130 σου
971 2081 1038 2151 τῇ
1089 2079 1372 2153 εὐλαϐείᾳ,
1398 2082 1483 2134 ὅτι
1514 2082 1610 2134 καὶ
1641 2081 1909 2154 πρότερος

312 2167 434 2228 τοῖς
461 2166 598 2238 πρὸς
632 2169 784 2239 ἡμᾶς
816 2170 1171 2242 ἐπεπήδησας
1200 2173 1513 2245 γράμμασι.
1541 2173 1762 2245 Θερμῆς
1799 2174 1908 2246 7&9

311 2257 479 2311 τοῦτο
507 2259 600 2312 καὶ
625 2261 856 2332 γνησίας
887 2261 1104 2332 φιλίας·
1157 2264 1252 2318 καὶ
1291 2266 1352 2318 οὑ
1394 2265 1559 2337 μόνον
1610 2267 1711 2320 οὐκ
1757 2268 1910 2321 ἀπει-

314 2351 498 2415 κότως
522 2352 766 2423 ἔπραξας
783 2353 834 2419 δ,
863 2353 1002 2408 ἀλλά
1034 2355 1126 2409 καὶ
1152 2357 1359 2426 σφόδρα
1384 2374 1469 2410 σοι
1497 2359 1905 2430 προσηκόντως.

314 2445 565 2516 Χαρίζου
613 2445 677 2519 δὴ
726 2442 934 2519 ταύτην
986 2448 1224 2519 συνεχῶς
1279 2450 1413 2520 ἡμῖν
1469 2451 1570 2523 τὴν
1600 2453 1783 2523 χάριν,
1812 2452 1910 2506 καὶ

315 2540 662 2612 πυκνότερον
683 2541 816 2612 ἡμῖν
853 2540 1017 2607 δὴλου
1043 2541 1112 2595 τά
1138 2542 1268 2613 περὶ
1299 2542 1399 2614 τῆς
1427 2528 1615 2611 ὑγείας
1653 2544 1754 2615 τῆς
1786 2545 1907 2616 σῆς.

316 2631 422 2684 "Av
468 2630 528 2684 δὲ
579 2631 672 2686 καὶ
732 2632 957 2699 δυνατὸν
1026 2633 1255 2707 γένηται
1300 2637 1370 2706 τῇ
1423 2634 1681 2708 εὐλαϐείᾳ
1738 2639 1807 2707 τῇ
1842 2638 1908 2707 σῇ

315 2721 587 2795 σκυλῆναι
634 2724 740 2789 ἕως
784 2725 964 2797 ἡμῶν,
1012 2725 1083 2780 τά
1138 2727 1373 2798 μέγιστα
1425 2731 1561 2800 ἡμῖν
1602 2732 1789 2801 χαριῇ,
1816 2716 1941 2783 καὶ.¹

316 2814 528 2887 πολλῆς
556 2817 706 2888 ἡμᾶς
746 2818 1053 2890 ἐμπλήσεις
1085 2819 1449 2892 εὐφροσύνης.
1488 2821 1777 2894 Ἐννοὴσας
1810 2823 1913 2876 τοί-

316 2924 422 2962 νυν
453 2906 529 2971 ώς
568 2910 664 2963 καὶ
694 2911 858 2981 ἡμεῖς
896 2910 1277 2984 ἐπιθυμοῦμεν
1320 2913 1449 2967 ἰδεῖν
1493 2929 1587 2966 σου
1627 2911 1728 2986 τὴν
1761 2912 1913 2968 εὐλά·

316 3000 499 3066 ϐειαν,
538 3002 635 3056 καὶ
664 3002 740 3066 ὡς
768 3004 828 3058 τὸ
849 3006 1085 3077 πρᾶγμα
1113 3007 1173 3060 οὐ
1204 3006 1410 3080 σφόδρα
1442 3006 1701 3081 ἐργῶδες,
1735 3009 1785 3062 εί
1816 3008 1911 3079 γέ-

316 3112 472 3149 νοιτο
492 3095 683 3167 καιρὸς
710 3096 1017 3168 ἐπιτήδειος
1047 3097 1186 3171 πρὸς
1216 3099 1545 3172 ὁδοιπορίαν,
1575 3100 1650 3172 μὴ
1681 3101 1913 3153 ἀποστε⁶

275 3174 283 3183 ὑ
321 3187 504 3262 Ρήσῃς
528 3189 675 3261 ἡμᾶς
702 3189 803 3261 τῆς
831 3189 1120 3261 συντυχίας
1148 3191 1248 3262 τῆς
1276 3190 1395 3262 σῆς.
1430 3191 1573 3256 Ἕως
1592 3191 1637 3246 δ’
1666 3191 1732 3246 ἂν
1755 3191 1913 3245 τοῦτο

316 3280 573 3351 γένηται,
607 3280 1011 3353 τῇοπυκνότητι
1058 3281 1167 3335 τῶν
1206 3282 1556 3354 γραμμάτων
1597 3283 1698 3355 τὴν
1720 3284 1786 3338 ἐκ
1813 3284 1914 3357 τῆς

314 3371 631 3444 παρουσίας
656 3371 853 3445 ἡδονὴν
884 3372 1201 3443 σοφίζεσθαι
1232 3374 1617 3448 παρακλὴθητι
1637 3386 1689 3431 ο.

616 3482 623 3486 ’
764 3484 916 3560 [712]
947 3489 1079 3542 ΣΝ.
1123 3487 1464 3556 Ἐρκουλίῳ.

396 3599 492 3672 Μὴ
526 3600 706 3671 κάμνε
740 3600 919 3673 ζητῶν
964 3599 1262 3670 ἀπολογίαν
1311 3600 1412 3672 τῆς
1453 3602 1673 3675 μακρᾶς
1731 3603 1913 3676 σιγῆς,

318 3694 565 3750 δέσποτά
601 3711 704 3766 μου
732 3692 1156 3765 θαυμασιώτατε
1200 3692 1296 3747 ml
1330 3692 1912 3766 μεγαλοπρεπέστατε,

319 3790 425 3845 ml
455 3790 549 3843 ἐπὶ
585 3788 685 3862 τὴν
734 3790 929 3843 σπάνιν
955 3787 1065 3844 τῶν
1112 3787 1601 3860 γραμματηφόρων
1640 3787 1915 3858 καταφεύ-

318 3900 463 3955 γων.
505 3882 698 3956 Ἡμεῖς
723 3881 855 3954 7&9,
891 3881 989 3938 καὶ
1021 3881 1325 3954 γράφοντός
1356 3898 1450 3935 σου
1486 3881 1583 3935 ml
1629 3882 1911 3951 σιγῶντος,

318 3977 586 4050 ἀκίνητόν
633 3994 730 4031 σου
758 3976 859 4050 τὴν
901 3976 1032 4048 περὶ
1062 3976 1162 4047 τῆς
1200 3976 1421 4046 ἀγάπης
1457 3992 1551 4029 σου
1584 3976 1768 4048 ψῆφον
1797 3976 1916 4048 ἐχο-

323 4087 453 4143 μεν,
483 4070 551 4143 ἡν
585 4070 675 4125 διά
700 4069 811 4123 τῶν
855 4067 1034 4141 ἔργων
1086 4068 1349 4135 ἐπεδείξω
1391 4066 1538 4122 οὑτω
1592 4066 1803 4139 σαφῶς,
1838 4069 1915 4134 ὼς

320 4164 512 4219 πᾶσαν
549 4163 749 4217 εἰδέναι
781 4152 889 4234 τὴν
906 4162 1063 4216 πόλιν
1086 4161 1180 4217 τὸν
1214 4161 1418 4234 θερμὸν
1443 4160 1603 4233 ἡμῶν
1628 4162 1724 4217 καὶ
1750 4180 1916 4235 μανι-

322 4254 427 4311 κὸν
461 4256 722 4327 ἐραστήν.
758 4255 907 4326 Πλὴν
934 4254 1073 4309 ἀλλά
1095 4254 1191 4309 ml
1219 4252 1364 4308 οὕτω
1383 4252 1744 4327 διακείμενοι,
1787 4255 1918 4325 σφό-

319 4349 432 4421 δρα
456 4345 835 4417 ἐπιθυμοῦμεν
866 4345 1105 4418 συνεχῶς
1133 4345 1389 4418 δέχεσθαι
1416 4346 1725 4418 γράμματα
1764 4344 1919 4418 παρὰ

319 4438 431 4508 τῆς
460 4438 557 4511 σῆς
587 4436 1050 4510 θαυμασιότητος,
1081 4439 1152 4492 τά
1178 4437 1308 4508 περὶ
1343 4438 1443 4509 τῆς
1474 4437 1664 4507 ὑγείας
1695 4437 1919 4511 δηλοῦν-

319 4552 400 4590 τα
430 4535 529 4607 τῆς
554 4535 674 4606 σῆς.
708 4534 918 4604 Ὥσπερ
947 4530 1058 4602 γάρ
1083 4530 1244 4595 αὐτὸς
1278 4530 1544 4602 μεγίστην
1571 4531 1707 4603 ἔφης
1737 4548 1918 4604 παρα-

320 4629 507 4701 ψυχὴν
556 4624 699 4681 εἶναι
736 4626 833 4680 τοῦ
887 4622 1197 4697 χωρισμοῦ,
1222 4623 1285 4678 τὸ
1309 4623 1440 4695 περί⁸
1471 4625 1571 4695 τῆς
1597 4623 1790 4693 ὑγείας
1816 4624 1917 4694 τῆς

321 4722 607 4794 ἡμετέρας
639 4718 929 4790 μανθάνειν
964 4716 1083 4788 (ml
1110 4712 1268 4770 οἶσθα
1325 4714 1513 4788 ἡλίκον
1572 4716 1731 4771 τοῦτο
1762 4716 1917 4790 ἀνδρὶ⁵

323 4812 507 4884 φιλεῖν
535 4811 907 4882 ἐπισταμένῳ,
932 4808 1122 4882 ἐπειδὴ
1144 4810 1239 4864 ml
1253 4807 1471 4878 φιλεῖνά
1494 4804 1653 4862 οἶσθα
1687 4809 1915 4883 καλῶς),

317 4905 475 4962 οὕτω
509 4906 603 4958 καὶ
646 4906 777 4976 ἡμῖν
821 4900 1291 4971 περισπούδαστον
1332 4901 1511 4955 τοῦτο.
1553 4900 1799 4974 Χαρίζου
1852 4902 1916 4974 δὴ

317 4998 535 5069 ταύτην
565 4998 699 5069 ἡμῖν
736 4994 836 5066 τὴν
862 4993 1046 5066 χάριν,
1077 4994 1167 5048 ἵνα
1210 4992 1307 5048 καὶ
1354 4996 1413 5048 ἐν
1438 4993 1644 5067 ἐρημίᾳ
1680 4993 1918 5068 τοσαύτῃ

320 5090 656 5163 καθήμενοι,
711 5085 913 5160 πολλὴν
941 5085 1192 5143 ἐντεῦθεν
1222 5084 1648 5160 καρπωσώμεθα
1684 5085 1785 5159 τὴν
1814 5103 1920 5140 πα-

323 5181 617 5258 ράκλησιν.

722 5275 851 5327 ΣΒθ.
875 5267 1152 5339 Κυριακῷ
1179 5268 1511 5337 ἐπισκόπῳ.

403 5386 592 5442 Ταῦτα
645 5386 877 5454 ἀνεκτά;
933 5383 1109 5439 ταῦτα
1159 5382 1402 5454 φορητά;
1458 5383 1561 5436 οἴει
1605 5382 1709 5438 κᾶν
1760 5384 1919 5440 σκιάν

395 5520 425 5551 ⁸
449 5520 532 5568 Sic
551 5531 725 5568 omnes
745 5531 863 5567 mss.
887 5515 1060 5566 nostri.
1089 5515 1218 5566 Edill
1238 5517 1601 5579 συνεχέστατον,
1624 5519 1772 5568 male.

395 5582 424 5622 δ
463 5581 649 5631 Omnes
670 5594 786 5630 mss.
813 5582 896 5629 καὶ
1012 5578 1154 5643 μόνον
1175 5579 1231 5627 οὑ
1258 5578 1793 5643 καθηκόντως-ἔπραξας.

448 5645 634 5695 Omnes
678 5656 793 5692 mss.
836 5642 1109 5705 σοφίζεσθαι
1149 5643 1493 5704 παρακλήθητι.
1530 5641 1703 5691 Morb].
1746 5645 1921 5705 προθυ-

319 5708 576 5838 ῗηὲηὖξὲσ
610 5779 641 5817 e
670 5768 853 5838 ξονὶιίο
890 5769 1092 5829 recepta
1129 5769 1262 5818 sunt.
1304 5763 1425 5817 Mor.
1471 5770 1525 5817 cl
1564 5765 1732 5817 Monlf.
1762 5768 1915 5818 ἐπιστ.

314 5833 465 5895 εἶναι,
501 5831 582 5879 καὶ
606 5846 652 5894 φ.
680 5828 813 5879 Ευιτ.

1766 348 2152 407 EPISTOLIE.

3482 366 3588 423 πει

2009 475 2311 545 ἀπολογίας
2351 475 2529 549 Exsul;
2573 479 2661 535 Ἐν
2688 483 2755 553 τῇ
2783 482 3020 555 τοσαύτῃ
3050 482 3256 557 ἀθυμίᾳ
3276 494 3322 549 ε,
3358 484 3416 538 ἐν
3447 483 3590 541 οὑτω

2008 567 2184 639 χρόνῳ
2209 567 2429 641 μακρῷ,
2468 570 2528 623 ὲν
2565 571 2806 643 τοσούτῳ
2833 572 3068 646 θορύϐῳ.
3107 575 3201 629 ml
3224 579 3460 648 ταραχῇ,
3497 578 3591 631 ml

2009 656 2292 728 συντριϐῇ,
2322 659 2415 712 ml
2452 659 2803 734 ταλαιπωρίᾳ
2851 664 3214 719 καθεστώτων
3256 667 3437 737 ἡμῶν,
3468 666 3591 719 οὐδέ

2008 748 2157 814 ἅπαξ
2198 751 2330 821 ἡμῖν
2362 752 2662 809 ἐπιστεῖλαι
2697 754 3002 821 κατεδέξω·
3034 757 3148 810 ἀλλ’
3178 760 3341 829 ἡμεῖς
3377 759 3475 830 μὲν
3499 759 3594 813 ml

2007 839 2174 907 ἅπαξ,
2201 841 2432 908 καὶδις,
2484 844 2580 898 καὶ
2610 844 2873 909 πολλάκις
2930 848 3370 919 ἐπεστάλκαμεν,
3421 850 3487 903 σὺ
3522 849 3593 925 ’δὲ

2008 935 2170 1004 σιγᾷς
2210 933 2401 1005 χρόνον
2450 934 2597 990 οὑτω
2658 938 2890 1010 μακρὸν,
2919 939 3014 994 καί⁵
3044 940 3287 1011 νομίζεις
3327 941 3388 994 τὸ
3429 942 3597 1011 τυχὸν

2009 1025 2388 1097 ἡμαρτηκέναι
2419 1029 2934 1101 ἀμάρτημα,οὑτως
2979 1031 3252 1103 ἀγνώμων
3277 1034 3406 1104 περὶ
3445 1034 3600 1103 ἡμᾶς

2009 1116 2414 1189 γεγενημένος;
2456 1119 2588 1191 Ἐμὲ
2613 1122 2695 1185 είς
2721 1119 2921 1193 πολλὴν
2968 1121 3199 1193 ἀπορίαν
3226 1124 3599 1195 κατέστησας.

2009 1209 2146 1264 Οὐδέ
2169 1211 2278 1283 γάρ
2309 1210 2545 1282 δύναμαι
2584 1213 2684 1284 τῆς
2727 1214 2888 1283 σιγῆς
2910 1213 3009 1286 τὴν
3032 1216 3213 1269 αἰτίαν
3234 1217 3435 1287 εὑρεῖν,
3463 1217 3599 1271 ὅταν

2008 1302 2250 1374 ἐννοὴσω
2272 1319 2365 1356 σου
2397 1304 2496 1370 τὴν
2523 1302 2734 1377 θερμὴν
2758 1306 2980 1377 ἀγάπην
3008 1308 3103 1360 ml
3131 1308 3386 1377 γνησίαν,
3412 1310 3478 1378 ἦν
3507 1308 3594 1362 ἀεὶ

2009 1395 2138 1467 περὶ
2175 1396 2325 1465 ἡμᾶς
2353 1396 2632 1461 ἐπεδείξω.
2663 1397 2797 1450 Οὑδέ
2826 1397 2935 1469 γὰρ
2964 1397 3236 1470 ῥαθυμίαν
3274 1398 3596 1467 λογίσασθαι

2009 1484 2149 1555 ἐχω-
2181 1482 2301 1540 οἶδα
2330 1487 2440 1558 γάρ
2459 1505 2553 1541 σου
2580 1489 2678 1559 τὴν
2696 1489 2976 1561 ἄγρυπνον
3002 1490 3200 1561 ψυχήν·
3226 1490 3350 1543 οὐτε
3370 1490 3593 1545 δειλίανο

2009 1570 2130 1629 οἶδα
2155 1575 2265 1647 γάρ
2296 1593 2390 1629 σου
2414 1576 2512 1648 τὴν
2541 1578 2794 1652 ἀνδρείαν
2814 1574 2839 1610 ·’
2865 1578 2966 1632 οὑκ
2992 1578 3179 1632 δκνοψ
3212 1575 3330 1632 οἶδα
3366 1581 3473 1652 γάρ
3503 1597 3598 1635 σου

2007 1667 2069 1719 τὸ
2083 1667 2510 1740 διεγηγερμένον
2541 1671 2637 1723 καὶ
2664 1669 3084 1740 ἐντρεχέςκάλὶῧ
3113 1669 3234 1724 οὐδὲ
3264 1671 3595 1742 ἀρρωστίαν

2010 1759 2186 1812 καίτοι
2212 1776 2276 1827 γε
2306 1759 2428 1813 οὐδέ
2449 1759 2591 1831 αὐτη
2624 1761 2785 1831 ίκανὴ
2813 1757 2882 1832 ἦν
2908 1778 2966 1813 σε
2987 1761 3265 1815 κωλῦσαι·
3299 1761 3439 1833 πλὴν
3463 1762 3599 1816 ἀλλά

2015 1850 2272 1922 μανθάνω
2299 1851 2451 1924 παρά
2475 1851 2584 1906 τῶν
2611 1853 2825 1906 ἐκεῖθεν
2857 1852 3193 1924 ἐρχομένων,
3229 1853 3312 1907 ὅτι
3335 1853 3597 1921 ὑγιαίνεις

2011 1945 2107 1997 ml
2135 1943 2397 2015 ἔρρωσαι.
2433 1945 2476 1996 Τ
2483 1944 2500 1997 ί
2527 1940 2620 1998 οὖν
2650 1947 2765 1998 ἐστι
2789 1944 2850 1997 τὸ
2890 1947 3082 2008 αττιον,
3116 1947 3290 1999 εἰπεῖν
3327 1947 3429 1999 οὐκ
3466 1945 3597 2016 ἔχω,

2008 2034 2124 2088 ἀλλ’
2177 2033 2237 2088 ἓν
2301 2033 2480 2102 μόνον,
2515 2033 2666 2103 ἀλγῶ
2698 2034 2794 2089 καὶ
2846 2033 3140 2103 ὀδυνῶμαι.
3178 2034 3365 2087 Πάντα
3418 2034 3599 2086 τοίνυν

2009 2126 2237 2197 ποίησον
2275 2126 2416 2180 ὥστε
2445 2126 2755 2192 ἀπαλλάξαι
2782 2126 2931 2196 ἡμᾶς
2977 2124 3071 2179 καῖ
3115 2125 3217 2195 τῆς
3270 2124 3466 2196 λύπης,
3503 2123 3600 2177 καὶ

2009 2217 2104 2272 τοῦ
2123 2218 2423 2289 διαπορεῖν.
2456 2219 2610 2272 Ἐπεὶ
2632 2220 2682 2271 εί
2718 2218 2813 2272 ml
2843 2217 2982 2289 μετά
3003 2219 3072 2271 τά
3103 2219 3406 2290 γράμματα
3425 2215 3601 2271 ταῦτα
3656 2270 3663 2277 ,

2014 2310 2090 2382 μὴ
2130 2309 2269 2381 μετά
2303 2308 2499 2363 πολλοῦ
2543 2308 2639 2362 τοῦ
2682 2310 2883 2381 τάχους
2935 2311 3067 2381 ἡμῖν
3104 2308 3423 2380 βουληθείης
3479 2309 3602 2359 ἐπι-

2013 2400 2242 2467 στεῖλαι,
2277 2399 2450 2464 οὕτως
2480 2402 2627 2472 ἡμᾶς
2665 2400 2808 2471 ἔχεις
2841 2400 3100 2471 λυπῆσαι,
3129 2400 3204 2465 ὡς
3241 2400 3436 2452 πολλοῦ
3486 2399 3603 2470 δεη-

2013 2492 2173 2565 θῆναι
2211 2495 2376 2547 πόνου
2408 2491 2427 2531 ί
2463 2493 2543 2557 είς
2568 2493 2627 2547 τὸ
2659 2492 2996 2564 θεραπεῦσαι
3026 2491 3181 2563 ἡμῶν
3206 2492 3307 2565 τὴν
3339 2491 3597 2562 ἀθυμίαν.

2340 2607 2474 2662 ΣΓ’.
2500 2608 2855 2676 Σαλουστίῳ
2877 2590 3278 2678 πρεσϐυτέρῳ.

2084 2723 2198 2794 Οὐχ
2227 2721 2303 2789 ὡς
2351 2722 2541 2795 ἔτυχεν
2597 2724 2812 2795 ἡλγησα
2853 2723 3093 2788 ἀκούσας
3132 2725 3214 2778 ὅτι
3261 2723 3354 2777 καὶ
3396 2725 3461 2778 σύ
3506 2726 3601 2778 ml

2013 2816 2270 2887 Θεόφιλος
2297 2817 2326 2870 ὁ
2372 2816 2745 2889 πρεσϐύτερος
2772 2816 3092 2872 ἀνεπέσετε.
3130 2817 3342 2887 Ἕγνων
3374 2817 3484 2888 γάρ
3514 2818 3598 2872 ὅτι

2012 2909 2042 2962 δ
2076 2907 2228 2982 [715]
2272 2908 2370 2979 μὲν
2401 2908 2558 2980 ὑμῶν
2608 2911 2770 2962 πέντε
2819 2908 3036 2980 ὁμιλίας
3064 2906 3219 2961 εἶπεν
3246 2908 3355 2972 ἕως
3398 2909 3593 2962 Ὀκτω-

2016 3001 2171 3075 ϐρίου
2214 3002 2404 3074 μηνὸς,
2444 2991 2554 3055 δ’δὲ
2576 3001 2852 3073 οὐδεμίαν,
2878 3004 2971 3055 ml
2998 3002 3097 3072 τῆς
3120 3001 3355 3073 ἐρημίας
3385 3018 3474 3072 μοι
3502 3000 3601 3072 τῆς
3628 3044 3641 3051 ,

2015 3092 2251 3148 ἐνταῦθα
2304 3093 2464 3148 τοῦτο
2494 3093 2688 3164 γέγονε
2721 3092 3122 3166 χαλεπώτερον.
3157 3092 3464 3164 Βουλήθητε
3492 3091 3603 3145 τοί-

2018 3204 2132 3252 νυν,
2162 3189 2210 3241 εί
2244 3187 2341 3258 μὲν
2375 3185 2571 3256 ψεῦδος
2598 3184 2777 3250 τοῦτο,
2802 3185 3041 3257 δηλῶσαί
3067 3202 3192 3257 μοι·
3222 3187 3270 3238 εί
3295 3184 3352 3239 δὲ
3382 3183 3601 3256 ἀληθὲς,

2016 3278 2415 3352 διορθώσασθαι
2436 3296 2449 3311 ⁸
2488 3280 2585 3334 καὶ
2626 3278 2892 3351 ἀλλήλους
2918 3279 3223 3350 διεγείρατε
3243 3282 3288 3320 3'
3320 3280 3442 3333 ἐπεὶ
3474 3277 3604 3348 σφό-

2015 3368 2119 3441 δρα
2161 3386 2227 3441 με
2264 3369 2417 3440 ἔχετε
2446 3368 2709 3440 λυπῆσαι,
2739 3368 2919 3423 καίτοι
2959 3369 3081 3441 μεθ’
3112 3369 3425 3442 ὑπερϐολῆς
3474 3368 3607 3437 σφό-

2015 3461 2119 3531 δρα
2146 3462 2449 3531 ἀγαπῶντα
2484 3461 2651 3532 ὑμάς.
2676 3461 2788 3514 Καὶ
2811 3461 2872 3515 τὸ
2891 3460 2956 3533 δὴ
2974 3460 3378 3534 χαλεπώτερον,
3401 3463 3483 3515 ὅτι
3511 3461 3607 3515 καὶ

2016 3553 2169 3625 παρά
2205 3553 2299 3607 τοῦ
2345 3553 2482 3607 Θεοῦ
2518 3546 2659 3608 ’πολὺ
2711 3554 2835 3609 καθ’
2874 3555 3085 3609 ἑαυτῶν
3134 3555 3505 3609 ὲπισπάσεσθε
3545 3554 3609 3608 τὸ

2016 3649 2213 3719 κρῖμα,
2272 3647 2442 3719 ἀργίᾳ
2485 3646 2725 3719 τοσαύτῃ
2765 3645 3036 3711 συζῶντες
3077 3648 3170 3699 ml
3202 3645 3365 3718 ὄκνῳ,
3415 3648 3510 3700 ml
3538 3647 3609 3701 1:&

2017 3737 2149 3810 παρ’
2189 3736 2399 3791 ἑαυτῶν
2449 3737 2550 3791 οὐκ
2587 3737 2954 3809 εἰσφέροντες.
3004 3736 3174 3791 Ποίαν
3222 3737 3330 3810 γάρ
3387 3738 3607 3810 σχοίητε

2020 3755 2147 3810 παρ’
2189 3755 2399 3791 εαυτων
2449 3755 2550 3791 ουκ
2587 3755 2954 3809 εισφεροντες.
3005 3755 3174 3791 ιιοιαν
3222 3755 3292 3807 γα
3387 3755 3605 3810 σχοιητε

2020 3828 2353 3903 συγγνώμην
2373 3828 2578 3902 ἐτέρων
2603 3829 2974 3899 διωκομένων,
2997 3755 3413 3901 ἐξοριζομέων,
3441 3828 3605 3882 ἐλαυ-

2018 3923 2282 3994 νομένων,
2334 3923 2494 3994 ὑμεῖς
2541 3922 2598 3976 δὲ
2649 3921 2788 3994 μηδέ
2835 3921 2936 3993 τὴν
2979 3920 3089 3975 ἀπὸ
3136 3919 3239 3992 τῆς
3297 3922 3607 3992 παρουσίας

2018 4016 2173 4089 ὑμῶν
2214 4017 2250 4089 ἢ
2295 4017 2395 4088 τῆς
2418 4014 2770 4080 διδασκαλίας
2798 4014 3147 4085 εἰσφέροντες
3168 4013 3246 4086 τῷ
3276 4013 3608 4086 χειμαζομέ-

2017 4128 2093 4181 νῳ
2124 4109 2238 4182 λαῷ
2265 4107 2501 4183 σπουδήν
2519 4125 2535 4178 ;

2584 4224 2709 4278 ΣΝ.
2747 4221 3029 4288 Παιανίφ.

2092 4339 2263 4392 Ὅταν
2295 4323 2840 4411 ἐννοήσηςξδέσποτά
2884 4351 2986 4408 μου
3041 4334 3459 4408 θαυμασιώτατε
3513 4337 3609 4392 ml

2024 4432 2241 4505 μέλιτος
2278 4432 2410 4503 ἡμῖν
2451 4428 2776 4501 γλυκύτερε,
2810 4430 2894 4484 ὅτι
2948 4429 3087 4503 βαρὺ
3141 4430 3236 4483 ml
3265 4430 3503 4501 ἐπαχθὲς
3546 4430 3610 4483 τὸ

2021 4525 2357 4600 κεχωρίσθαι
2395 4523 2576 4597 ἡμῶν,
2607 4523 2959 4594 λογιζόμενος
3002 4518 3114 4578 οἷον
3163 4524 3398 4594 πρᾶγμα
3441 4539 3609 4594 μετα-

2020 4622 2257 4694 χειρίζῃ,
2292 4620 2387 4675 ml
2419 4621 2503 4675 ὅτι
2528 4618 2685 4672 πόλιν
2707 4617 3001 4688 ὀλόκληρον
3026 4615 3315 4688 κατορθοῖς
3334 4614 3385 4681 δ,
3402 4616 3609 4687 μᾶλλον

2018 4714 2077 4767 δέ
2124 4712 2451 4783 οἰκουμένην
2499 4709 2795 4780 ὁλόκληρον
2821 4706 2910 4761 διὰ
2953 4706 3053 4777 τῆς
3102 4705 3312 4769 πόλεως
3365 4706 3610 4778 ἐκείνης,

2024 4807 2223 4878 σκίρτα
2253 4805 2350 4859 καί⁵
2370 4803 2685 4874 εὐφραίνου.
2699 4801 2856 4857 Μετά
2882 4799 2991 4871 7&9
3009 4801 3107 4871 τῆς
3122 4798 3392 4869 ὠφελείας
3404 4798 3615 4871 πολλὴν

2022 4899 2201 4966 ἔξεστί
2232 4915 2316 4952 σοι
2346 4896 2692 4970 καρποῦσθαι
2724 4894 2821 4948 ml
2847 4893 2946 4965 τὴν
2973 4893 3185 4965 ἡδονήν.
3224 4894 3289 4946 El
3332 4892 3443 4964 7&9
3472 4894 3613 4964 χρὴ-

2027 4992 2177 5065 ματά
2213 5008 2361 5057 τινες
2380 4990 2734 5058 συλλέγοντες
2758 4988 2830 5042 τά
2856 5004 2915 5041 τε
2938 4984 3292 5057 ἀπολλύμενα
3319 4987 3416 5040 καὶ
3442 4985 3611 5039 ἀπολει

2022 5087 2188 5141 λύντα
2214 5085 2431 5150 αὐτοὺς,
2449 5082 2717 5152 τοσαύτης
2741 5078 3110 5154 ἐμφοροῦνται
3131 5079 3228 5151 τῆς
3246 5079 3608 5151 εὐφροσύνης,

2024 5180 2119 5235 καὶ
2151 5176 2361 5243 οἰκιῶν,
2392 5177 2488 5230 καὶ
2528 5173 2807 5244 γυναικὸς,
2835 5173 2931 5227 καὶ
2981 5171 3211 5234 τέκνων,
3241 5173 3337 5225 καὶ
3387 5172 3613 5228 πάντων

2022 5272 2132 5326 τῶν
2150 5269 2542 5343 προσηκόντων
2571 5267 2665 5320 ἐπὶ
2697 5265 2867 5318 πολὺν
2894 5264 3256 5337 χωριζόμενοι
3288 5264 3498 5335 χρόνον,
3524 5265 3607 5328 τίς

2024 5363 2092 5418 ἂν
2115 5362 2492 5433 παραστήσειε
2536 5356 2695 5426 λόγος
2732 5355 2832 5426 τὴν
2862 5354 3060 5426 ἡδονὴν
3082 5353 3177 5407 τοῦ
3217 5351 3474 5414 πλούτου,
3510 5351 3605 5406 τὸν

2022 5454 2278 5510 τοσοῦτον
2298 5450 2595 5525 θησαυρὸν,
2614 5448 2675 5502 ὃν
2692 5447 2814 5502 καθ’
2832 5442 3069 5518 ἑκάστην
3089 5444 3341 5514 συνάγεις
3367 5442 3603 5514 ἡμέραν,

2090 5580 2115 5651 ξ
2134 5579 2396 5651 pugmss.’
2409 5573 2457 5622 ἐν
2475 5571 2683 5651 τοσριὺτῃ

2092 5639 2112 5677 ί
2133 5640 2285 5691 δενίι.
2312 5637 2484 5701 χρόνου
2528 5631 2914 5697 utraqué'leclio
2933 5631 3154 5692 quadrat.

2089 5705 2114 5743 8
2135 5703 2243 5751 Duo
2275 5714 2391 5748 mss.
2421 5699 2677 5762 βουλήθητι
2711 5696 2927 5744 τοίνυν...
2962 5694 3045 5741 καὶ
3088 5690 3319 5748 ἀλλήλους
3344 5686 3598 5751 διεγείρειν-

2025 5767 2177 5817 Savil.
2199 5762 2436 5827 διεγεῖραι.
2863 5820 2895 5827 __
2924 5818 2934 5827 ,
2971 5817 2985 5827 ,
3138 5816 3152 5827 ,
3191 5818 3209 5827 ,
3240 5813 3261 5825 ..

2094 5827 2121 5868 h
2148 5816 2409 5878 Tres'més.
2442 5820 2832 5887 μεταχειρίζεις...
2855 5817 3112 5882 ὁλόκληρον
3134 5816 3299 5883 ὀρθοῖς.
