  <div class='ocr_page' id='page_1' title='image "/cluster/home/n/w/nwhite01/storage/ocr_20150623/52:no.3:pt.2/coo.31924054869510/343.png"; bbox 0 0 3950 6376; ppageno 0'>
   <div class='ocr_carea' id='block_1_1' title="bbox 463 337 574 392">
    <p class='ocr_par' dir='ltr' id='par_1_1' title="bbox 463 337 574 392">
     <span class='ocr_line' id='line_1_1' title="bbox 463 337 574 392; baseline -0.009 0"><span class='ocrx_word' id='word_1_1' title='bbox 463 337 574 392; x_wconf 70' lang='lat'>7‘35</span> 
     </span>
    </p>
   </div>
   <div class='ocr_carea' id='block_1_2' title="bbox 459 448 2045 524">
    <p class='ocr_par' dir='ltr' id='par_1_2' title="bbox 459 448 2045 524">
     <span class='ocr_line' id='line_1_2' title="bbox 459 448 2045 524; baseline -0.004 -17"><span class='ocrx_word' id='word_1_2' title='bbox 459 457 558 507; x_wconf 66' lang='grc' dir='ltr'>καὶ</span> <span class='ocrx_word' id='word_1_3' title='bbox 588 453 911 524; x_wconf 80' lang='grc' dir='ltr'>φαινόμενος</span> <span class='ocrx_word' id='word_1_4' title='bbox 945 450 1130 505; x_wconf 80' lang='grc' dir='ltr'><strong>αὐτόθι</strong></span> <span class='ocrx_word' id='word_1_5' title='bbox 1163 450 1356 520; x_wconf 87' lang='grc' dir='ltr'>μόνον;</span> <span class='ocrx_word' id='word_1_6' title='bbox 1394 451 1468 502; x_wconf 89' lang='grc' dir='ltr'>Οὐ</span> <span class='ocrx_word' id='word_1_7' title='bbox 1500 448 1608 522; x_wconf 79' lang='grc' dir='ltr'>γάρ</span> <span class='ocrx_word' id='word_1_8' title='bbox 1633 449 1695 520; x_wconf 81' lang='grc' dir='ltr'>δὴ</span> <span class='ocrx_word' id='word_1_9' title='bbox 1733 449 2045 502; x_wconf 78' lang='grc' dir='ltr'>κολακεύων</span> 
     </span>
    </p>
   </div>
   <div class='ocr_carea' id='block_1_3' title="bbox 463 539 2043 613">
    <p class='ocr_par' dir='ltr' id='par_1_3' title="bbox 463 539 2043 613">
     <span class='ocr_line' id='line_1_3' title="bbox 463 539 2043 613; baseline -0.003 -16"><span class='ocrx_word' id='word_1_10' title='bbox 463 562 523 598; x_wconf 83' lang='grc' dir='ltr'>σε</span> <span class='ocrx_word' id='word_1_11' title='bbox 557 547 732 599; x_wconf 86' lang='grc' dir='ltr'>ταῦτα</span> <span class='ocrx_word' id='word_1_12' title='bbox 761 545 924 613; x_wconf 88' lang='grc' dir='ltr'>λέγω,</span> <span class='ocrx_word' id='word_1_13' title='bbox 961 542 1055 594; x_wconf 78' lang='grc' dir='ltr'>καὶ</span> <span class='ocrx_word' id='word_1_14' title='bbox 1087 541 1265 594; x_wconf 70' lang='grc' dir='ltr'>ἴσασιν</span> <span class='ocrx_word' id='word_1_15' title='bbox 1291 543 1338 593; x_wconf 86' lang='grc' dir='ltr'>οί</span> <span class='ocrx_word' id='word_1_16' title='bbox 1365 542 1460 593; x_wconf 75' lang='grc' dir='ltr'>καὶ</span> <span class='ocrx_word' id='word_1_17' title='bbox 1484 539 1775 603; x_wconf 89' lang='grc' dir='ltr'>ἀκούοντες</span> <span class='ocrx_word' id='word_1_18' title='bbox 1815 541 2043 603; x_wconf 80' lang='grc' dir='ltr'>ἀπόντος</span> 
     </span>
    </p>
   </div>
   <div class='ocr_carea' id='block_1_4' title="bbox 461 629 2042 704">
    <p class='ocr_par' dir='ltr' id='par_1_4' title="bbox 461 629 2042 704">
     <span class='ocr_line' id='line_1_4' title="bbox 461 629 2042 704; baseline -0.004 -15"><span class='ocrx_word' id='word_1_19' title='bbox 461 655 556 690; x_wconf 84' lang='grc' dir='ltr'>σου</span> <span class='ocrx_word' id='word_1_20' title='bbox 581 637 751 689; x_wconf 87' lang='grc' dir='ltr'>ταῦτα</span> <span class='ocrx_word' id='word_1_21' title='bbox 773 635 902 704; x_wconf 82' lang='grc' dir='ltr'>παρ’</span> <span class='ocrx_word' id='word_1_22' title='bbox 925 631 1082 703; x_wconf 87' lang='grc' dir='ltr'>ἡμῶν</span> <span class='ocrx_word' id='word_1_23' title='bbox 1107 629 1360 697; x_wconf 87' lang='grc' dir='ltr'>ἐνταῦθα,</span> <span class='ocrx_word' id='word_1_24' title='bbox 1389 631 1503 684; x_wconf 88' lang='grc' dir='ltr'>ἀλλ’</span> <span class='ocrx_word' id='word_1_25' title='bbox 1535 630 1790 700; x_wconf 87' lang='grc' dir='ltr'>ἡδόμενος</span> <span class='ocrx_word' id='word_1_26' title='bbox 1819 631 2042 701; x_wconf 84' lang='grc' dir='ltr'>σφόδρα,</span> 
     </span>
    </p>
   </div>
   <div class='ocr_carea' id='block_1_5' title="bbox 459 719 2041 796">
    <p class='ocr_par' dir='ltr' id='par_1_5' title="bbox 459 719 2041 796">
     <span class='ocr_line' id='line_1_5' title="bbox 459 719 2041 796; baseline -0.003 -18"><span class='ocrx_word' id='word_1_27' title='bbox 459 727 554 779; x_wconf 78' lang='grc' dir='ltr'>καὶ</span> <span class='ocrx_word' id='word_1_28' title='bbox 603 724 828 796; x_wconf 87' lang='grc' dir='ltr'>χαίρων,</span> <span class='ocrx_word' id='word_1_29' title='bbox 869 723 966 776; x_wconf 74' lang='grc' dir='ltr'>καὶ</span> <span class='ocrx_word' id='word_1_30' title='bbox 989 721 1352 793; x_wconf 80' lang='grc' dir='ltr'>πτερούμενο;</span> <span class='ocrx_word' id='word_1_31' title='bbox 1381 720 1486 773; x_wconf 85' lang='grc' dir='ltr'>ὑπὸ</span> <span class='ocrx_word' id='word_1_32' title='bbox 1537 721 1635 789; x_wconf 86' lang='grc' dir='ltr'>τῆς</span> <span class='ocrx_word' id='word_1_33' title='bbox 1684 719 2041 790; x_wconf 85' lang='grc' dir='ltr'>εὐφροσύνης.</span> 
     </span>
    </p>
   </div>
   <div class='ocr_carea' id='block_1_6' title="bbox 470 810 2045 886">
    <p class='ocr_par' dir='ltr' id='par_1_6' title="bbox 470 810 2045 886">
     <span class='ocr_line' id='line_1_6' title="bbox 470 810 2045 886; baseline -0.002 -19"><span class='ocrx_word' id='word_1_34' title='bbox 470 818 685 886; x_wconf 82' lang='grc' dir='ltr'>Ἀρκεῖς</span> <span class='ocrx_word' id='word_1_35' title='bbox 715 815 844 886; x_wconf 91' lang='grc' dir='ltr'>γάρ,</span> <span class='ocrx_word' id='word_1_36' title='bbox 887 815 981 868; x_wconf 73' lang='grc' dir='ltr'>καὶ</span> <span class='ocrx_word' id='word_1_37' title='bbox 1024 813 1371 882; x_wconf 78' lang='grc' dir='ltr'>φαινόμενος,</span> <span class='ocrx_word' id='word_1_38' title='bbox 1413 811 1643 875; x_wconf 80' lang='grc' dir='ltr'>πολλοὺς</span> <span class='ocrx_word' id='word_1_39' title='bbox 1667 811 1906 883; x_wconf 82' lang='grc' dir='ltr'>ὀρθῶσαι</span> <span class='ocrx_word' id='word_1_40' title='bbox 1936 810 2045 864; x_wconf 90' lang='grc' dir='ltr'>τῶν</span> 
     </span>
    </p>
   </div>
   <div class='ocr_carea' id='block_1_7' title="bbox 457 899 2045 977">
    <p class='ocr_par' dir='ltr' id='par_1_7' title="bbox 457 899 2045 977">
     <span class='ocr_line' id='line_1_7' title="bbox 457 899 2045 977; baseline -0.003 -18"><span class='ocrx_word' id='word_1_41' title='bbox 457 907 664 970; x_wconf 83' lang='grc' dir='ltr'>αὐτόθι,</span> <span class='ocrx_word' id='word_1_42' title='bbox 709 906 981 977; x_wconf 78' lang='grc' dir='ltr'>στηρίξαι,</span> <span class='ocrx_word' id='word_1_43' title='bbox 1022 904 1260 974; x_wconf 67' lang='grc' dir='ltr'>ἀλεῖψαι,</span> <span class='ocrx_word' id='word_1_44' title='bbox 1306 905 1694 975; x_wconf 89' lang='grc' dir='ltr'>συγκροτῆσαι.</span> <span class='ocrx_word' id='word_1_45' title='bbox 1745 899 1877 956; x_wconf 87' lang='grc' dir='ltr'>Οἶδα</span> <span class='ocrx_word' id='word_1_46' title='bbox 1933 900 2045 971; x_wconf 85' lang='grc' dir='ltr'>ἐγὼ</span> 
     </span>
    </p>
   </div>
   <div class='ocr_carea' id='block_1_8' title="bbox 456 989 2045 1070">
    <p class='ocr_par' dir='ltr' id='par_1_8' title="bbox 456 989 2045 1070">
     <span class='ocr_line' id='line_1_8' title="bbox 456 989 2045 1070; baseline -0.006 -18"><span class='ocrx_word' id='word_1_47' title='bbox 456 999 547 1052; x_wconf 77' lang='grc' dir='ltr'>τὸν</span> <span class='ocrx_word' id='word_1_48' title='bbox 585 999 815 1070; x_wconf 78' lang='grc' dir='ltr'>ἀριστέα</span> <span class='ocrx_word' id='word_1_49' title='bbox 849 998 941 1051; x_wconf 66' lang='grc' dir='ltr'>τόν</span> <span class='ocrx_word' id='word_1_50' title='bbox 970 997 1124 1068; x_wconf 83' lang='grc' dir='ltr'>ἐμδν,</span> <span class='ocrx_word' id='word_1_51' title='bbox 1153 993 1269 1049; x_wconf 79' lang='grc' dir='ltr'>οἶδά</span> <span class='ocrx_word' id='word_1_52' title='bbox 1307 1012 1398 1047; x_wconf 94' lang='grc' dir='ltr'>σου</span> <span class='ocrx_word' id='word_1_53' title='bbox 1432 994 1530 1057; x_wconf 80' lang='grc' dir='ltr'>τὰς</span> <span class='ocrx_word' id='word_1_54' title='bbox 1555 991 1924 1064; x_wconf 73' lang='grc' dir='ltr'>ἀνδραγαθίας</span> <span class='ocrx_word' id='word_1_55' title='bbox 1945 989 2045 1054; x_wconf 83' lang='grc' dir='ltr'>τὰς</span> 
     </span>
    </p>
   </div>
   <div class='ocr_carea' id='block_1_9' title="bbox 455 1082 2042 1160">
    <p class='ocr_par' dir='ltr' id='par_1_9' title="bbox 455 1082 2042 1160">
     <span class='ocr_line' id='line_1_9' title="bbox 455 1082 2042 1160; baseline -0.005 -17"><span class='ocrx_word' id='word_1_56' title='bbox 455 1090 663 1156; x_wconf 77' lang='grc' dir='ltr'>αὐτόθι,</span> <span class='ocrx_word' id='word_1_57' title='bbox 692 1091 781 1143; x_wconf 82' lang='grc' dir='ltr'>τὸν</span> <span class='ocrx_word' id='word_1_58' title='bbox 811 1089 990 1160; x_wconf 78' lang='grc' dir='ltr'>ζῆλον,</span> <span class='ocrx_word' id='word_1_59' title='bbox 1017 1088 1114 1158; x_wconf 78' lang='grc' dir='ltr'>τὴν</span> <span class='ocrx_word' id='word_1_60' title='bbox 1142 1086 1472 1156; x_wconf 91' lang='grc' dir='ltr'>ἀγρυπνίαν,</span> <span class='ocrx_word' id='word_1_61' title='bbox 1499 1086 1626 1148; x_wconf 82' lang='grc' dir='ltr'>τοὺς</span> <span class='ocrx_word' id='word_1_62' title='bbox 1661 1083 1917 1155; x_wconf 81' lang='grc' dir='ltr'>δρόμους,</span> <span class='ocrx_word' id='word_1_63' title='bbox 1949 1082 2042 1135; x_wconf 87' lang='grc' dir='ltr'>τὸν</span> 
     </span>
    </p>
   </div>
   <div class='ocr_carea' id='block_1_10' title="bbox 455 1173 2044 1250">
    <p class='ocr_par' dir='ltr' id='par_1_10' title="bbox 455 1173 2044 1250">
     <span class='ocr_line' id='line_1_10' title="bbox 455 1173 2044 1250; baseline -0.005 -16"><span class='ocrx_word' id='word_1_64' title='bbox 455 1182 615 1234; x_wconf 86' lang='grc' dir='ltr'>πόνον</span> <span class='ocrx_word' id='word_1_65' title='bbox 657 1181 757 1250; x_wconf 88' lang='grc' dir='ltr'>τῆς</span> <span class='ocrx_word' id='word_1_66' title='bbox 791 1179 1001 1249; x_wconf 73' lang='grc' dir='ltr'>ψυχῆς,</span> <span class='ocrx_word' id='word_1_67' title='bbox 1048 1180 1150 1250; x_wconf 71' lang='grc' dir='ltr'>τὴν</span> <span class='ocrx_word' id='word_1_68' title='bbox 1199 1175 1533 1248; x_wconf 77' lang='grc' dir='ltr'>παρρησίαν,</span> <span class='ocrx_word' id='word_1_69' title='bbox 1573 1176 1674 1246; x_wconf 78' lang='grc' dir='ltr'>τὴν</span> <span class='ocrx_word' id='word_1_70' title='bbox 1731 1173 2044 1244; x_wconf 89' lang='grc' dir='ltr'>ἐλευθερίαν</span> 
     </span>
    </p>
   </div>
   <div class='ocr_carea' id='block_1_11' title="bbox 456 1263 2042 1344">
    <p class='ocr_par' dir='ltr' id='par_1_11' title="bbox 456 1263 2042 1344">
     <span class='ocr_line' id='line_1_11' title="bbox 456 1263 2042 1344; baseline -0.006 -19"><span class='ocrx_word' id='word_1_71' title='bbox 456 1273 575 1344; x_wconf 81' lang='grc' dir='ltr'>μεθ’</span> <span class='ocrx_word' id='word_1_72' title='bbox 610 1268 678 1343; x_wconf 76' lang='grc' dir='ltr'>ἧς</span> <span class='ocrx_word' id='word_1_73' title='bbox 713 1273 806 1325; x_wconf 75' lang='grc' dir='ltr'>καὶ</span> <span class='ocrx_word' id='word_1_74' title='bbox 859 1269 1172 1323; x_wconf 81' lang='grc' dir='ltr'>ἐπισκόπων</span> <span class='ocrx_word' id='word_1_75' title='bbox 1220 1267 1665 1332; x_wconf 77' lang='grc' dir='ltr'>κατεξανίστασο,</span> <span class='ocrx_word' id='word_1_76' title='bbox 1718 1265 1813 1318; x_wconf 84' lang='grc' dir='ltr'>τοῦ</span> <span class='ocrx_word' id='word_1_77' title='bbox 1847 1263 2042 1334; x_wconf 83' lang='grc' dir='ltr'>καιροῦ</span> 
     </span>
    </p>
   </div>
   <div class='ocr_carea' id='block_1_12' title="bbox 453 1357 2044 1432">
    <p class='ocr_par' dir='ltr' id='par_1_12' title="bbox 453 1357 2044 1432">
     <span class='ocr_line' id='line_1_12' title="bbox 453 1357 2044 1432; baseline -0.007 -12"><span class='ocrx_word' id='word_1_78' title='bbox 453 1365 643 1420; x_wconf 87' lang='grc' dir='ltr'>τούτου</span> <span class='ocrx_word' id='word_1_79' title='bbox 687 1362 1066 1427; x_wconf 76' lang='grc' dir='ltr'>ἀπαιτοῦντος,</span> <span class='ocrx_word' id='word_1_80' title='bbox 1107 1361 1246 1432; x_wconf 89' lang='grc' dir='ltr'>μετά</span> <span class='ocrx_word' id='word_1_81' title='bbox 1295 1360 1390 1413; x_wconf 91' lang='grc' dir='ltr'>τοῦ</span> <span class='ocrx_word' id='word_1_82' title='bbox 1441 1361 1812 1430; x_wconf 85' lang='grc' dir='ltr'>προσήκοντος</span> <span class='ocrx_word' id='word_1_83' title='bbox 1861 1357 2044 1428; x_wconf 86' lang='grc' dir='ltr'>μέντοι</span> 
     </span>
    </p>
   </div>
   <div class='ocr_carea' id='block_1_13' title="bbox 456 1448 2044 1527">
    <p class='ocr_par' dir='ltr' id='par_1_13' title="bbox 456 1448 2044 1527">
     <span class='ocr_line' id='line_1_13' title="bbox 456 1448 2044 1527; baseline -0.004 -19"><span class='ocrx_word' id='word_1_84' title='bbox 456 1457 678 1527; x_wconf 84' lang='grc' dir='ltr'>μέτρου.</span> <span class='ocrx_word' id='word_1_85' title='bbox 731 1455 839 1508; x_wconf 74' lang='grc' dir='ltr'>Καὶ</span> <span class='ocrx_word' id='word_1_86' title='bbox 873 1451 1184 1524; x_wconf 75' lang='grc' dir='ltr'>ἐθαύμαζόν</span> <span class='ocrx_word' id='word_1_87' title='bbox 1222 1469 1280 1506; x_wconf 85' lang='grc' dir='ltr'>σε</span> <span class='ocrx_word' id='word_1_88' title='bbox 1333 1452 1420 1505; x_wconf 83' lang='grc' dir='ltr'>ἐπ’</span> <span class='ocrx_word' id='word_1_89' title='bbox 1470 1451 1720 1516; x_wconf 85' lang='grc' dir='ltr'>ἐκείνοις,</span> <span class='ocrx_word' id='word_1_90' title='bbox 1758 1448 1940 1520; x_wconf 84' lang='grc' dir='ltr'>πολλῷ</span> <span class='ocrx_word' id='word_1_91' title='bbox 1986 1449 2044 1502; x_wconf 83' lang='grc' dir='ltr'>δὲ</span> 
     </span>
    </p>
   </div>
   <div class='ocr_carea' id='block_1_14' title="bbox 454 1541 2041 1618">
    <p class='ocr_par' dir='ltr' id='par_1_14' title="bbox 454 1541 2041 1618">
     <span class='ocr_line' id='line_1_14' title="bbox 454 1541 2041 1618; baseline -0.006 -16"><span class='ocrx_word' id='word_1_92' title='bbox 454 1550 618 1603; x_wconf 89' lang='grc' dir='ltr'>πλέον</span> <span class='ocrx_word' id='word_1_93' title='bbox 650 1549 764 1614; x_wconf 87' lang='grc' dir='ltr'>νῦν,</span> <span class='ocrx_word' id='word_1_94' title='bbox 791 1549 892 1612; x_wconf 82' lang='grc' dir='ltr'>ὅτι,</span> <span class='ocrx_word' id='word_1_95' title='bbox 921 1549 1016 1600; x_wconf 73' lang='grc' dir='ltr'>καὶ</span> <span class='ocrx_word' id='word_1_96' title='bbox 1049 1545 1276 1618; x_wconf 88' lang='grc' dir='ltr'>μηδενός</span> <span class='ocrx_word' id='word_1_97' title='bbox 1308 1563 1392 1598; x_wconf 92' lang='grc' dir='ltr'>σοι</span> <span class='ocrx_word' id='word_1_98' title='bbox 1421 1544 1800 1616; x_wconf 78' lang='grc' dir='ltr'>παραστάντος</span> <span class='ocrx_word' id='word_1_99' title='bbox 1828 1541 2041 1606; x_wconf 79' lang='grc' dir='ltr'>αὐτόθι,</span> 
     </span>
    </p>
   </div>
   <div class='ocr_carea' id='block_1_15' title="bbox 453 1635 2044 1710">
    <p class='ocr_par' dir='ltr' id='par_1_15' title="bbox 453 1635 2044 1710">
     <span class='ocr_line' id='line_1_15' title="bbox 453 1635 2044 1710; baseline -0.004 -16"><span class='ocrx_word' id='word_1_100' title='bbox 453 1641 589 1694; x_wconf 84' lang='grc' dir='ltr'>ἁλλά</span> <span class='ocrx_word' id='word_1_101' title='bbox 616 1641 724 1692; x_wconf 87' lang='grc' dir='ltr'>τῶν</span> <span class='ocrx_word' id='word_1_102' title='bbox 758 1641 854 1710; x_wconf 83' lang='grc' dir='ltr'>μὲν</span> <span class='ocrx_word' id='word_1_103' title='bbox 898 1638 1229 1708; x_wconf 72' lang='grc' dir='ltr'>φευγόντων,</span> <span class='ocrx_word' id='word_1_104' title='bbox 1263 1636 1370 1690; x_wconf 92' lang='grc' dir='ltr'>τῶν</span> <span class='ocrx_word' id='word_1_105' title='bbox 1409 1637 1466 1690; x_wconf 82' lang='grc' dir='ltr'>δὲ</span> <span class='ocrx_word' id='word_1_106' title='bbox 1507 1637 1904 1707; x_wconf 76' lang='grc' dir='ltr'>ἐλαυνομένων,</span> <span class='ocrx_word' id='word_1_107' title='bbox 1935 1635 2044 1688; x_wconf 89' lang='grc' dir='ltr'>τῶν</span> 
     </span>
    </p>
   </div>
   <div class='ocr_carea' id='block_1_16' title="bbox 450 1726 2045 1801">
    <p class='ocr_par' dir='ltr' id='par_1_16' title="bbox 450 1726 2045 1801">
     <span class='ocr_line' id='line_1_16' title="bbox 450 1726 2045 1801; baseline -0.003 -17"><span class='ocrx_word' id='word_1_108' title='bbox 450 1733 510 1784; x_wconf 78' lang='grc' dir='ltr'>δέ</span> <span class='ocrx_word' id='word_1_109' title='bbox 560 1730 969 1801; x_wconf 83' lang='grc' dir='ltr'>κρυπτομένων,</span> <span class='ocrx_word' id='word_1_110' title='bbox 1013 1729 1172 1800; x_wconf 80' lang='grc' dir='ltr'>μόνος</span> <span class='ocrx_word' id='word_1_111' title='bbox 1222 1729 1463 1800; x_wconf 75' lang='grc' dir='ltr'>ἕστηκας</span> <span class='ocrx_word' id='word_1_112' title='bbox 1515 1730 1608 1782; x_wconf 72' lang='grc' dir='ltr'>ἐπὶ</span> <span class='ocrx_word' id='word_1_113' title='bbox 1651 1728 1753 1799; x_wconf 89' lang='grc' dir='ltr'>τῆς</span> <span class='ocrx_word' id='word_1_114' title='bbox 1792 1726 2045 1796; x_wconf 80' lang='grc' dir='ltr'>παρατάο</span> 
     </span>
    </p>
   </div>
   <div class='ocr_carea' id='block_1_17' title="bbox 453 1819 2045 1892">
    <p class='ocr_par' dir='ltr' id='par_1_17' title="bbox 453 1819 2045 1892">
     <span class='ocr_line' id='line_1_17' title="bbox 453 1819 2045 1892; baseline -0.001 -19"><span class='ocrx_word' id='word_1_115' title='bbox 453 1821 610 1887; x_wconf 82' lang='grc' dir='ltr'>ξεως,</span> <span class='ocrx_word' id='word_1_116' title='bbox 659 1822 720 1874; x_wconf 79' lang='grc' dir='ltr'>τὸ</span> <span class='ocrx_word' id='word_1_117' title='bbox 771 1821 1020 1891; x_wconf 86' lang='grc' dir='ltr'>μέτωπον</span> <span class='ocrx_word' id='word_1_118' title='bbox 1054 1820 1223 1890; x_wconf 84' lang='grc' dir='ltr'>αὐτῆς</span> <span class='ocrx_word' id='word_1_119' title='bbox 1287 1819 1675 1892; x_wconf 73' lang='grc' dir='ltr'>κατακοσμῶν,</span> <span class='ocrx_word' id='word_1_120' title='bbox 1725 1821 1819 1874; x_wconf 75' lang='grc' dir='ltr'>καὶ</span> <span class='ocrx_word' id='word_1_121' title='bbox 1854 1819 2045 1872; x_wconf 77' lang='grc' dir='ltr'>οὐδένα</span> 
     </span>
    </p>
   </div>
   <div class='ocr_carea' id='block_1_18' title="bbox 407 1909 2044 1984">
    <p class='ocr_par' dir='ltr' id='par_1_18' title="bbox 407 1909 2044 1984">
     <span class='ocr_line' id='line_1_18' title="bbox 407 1909 2044 1984; baseline -0.003 -17"><span class='ocrx_word' id='word_1_122' title='bbox 407 1914 633 1984; x_wconf 62' lang='grc' dir='ltr'>’ἀφιεὶς</span> <span class='ocrx_word' id='word_1_123' title='bbox 674 1913 926 1982; x_wconf 86' lang='grc' dir='ltr'>γενέσθαι</span> <span class='ocrx_word' id='word_1_124' title='bbox 969 1911 1352 1984; x_wconf 88' lang='grc' dir='ltr'>λειποτάκτην,</span> <span class='ocrx_word' id='word_1_125' title='bbox 1401 1910 1558 1984; x_wconf 9' lang='grc' dir='ltr'>ἀλλά,</span> <span class='ocrx_word' id='word_1_126' title='bbox 1584 1911 1678 1965; x_wconf 75' lang='grc' dir='ltr'>καὶ</span> <span class='ocrx_word' id='word_1_127' title='bbox 1728 1911 1856 1972; x_wconf 73' lang='grc' dir='ltr'>τοὺς</span> <span class='ocrx_word' id='word_1_128' title='bbox 1904 1909 2044 1980; x_wconf 88' lang='grc' dir='ltr'>μετά</span> 
     </span>
    </p>
   </div>
   <div class='ocr_carea' id='block_1_19' title="bbox 449 1997 2042 2074">
    <p class='ocr_par' dir='ltr' id='par_1_19' title="bbox 449 1997 2042 2074">
     <span class='ocr_line' id='line_1_19' title="bbox 449 1997 2042 2074; baseline -0.004 -17"><span class='ocrx_word' id='word_1_129' title='bbox 449 2006 560 2057; x_wconf 85' lang='grc' dir='ltr'>τῶν</span> <span class='ocrx_word' id='word_1_130' title='bbox 615 2005 872 2059; x_wconf 83' lang='grc' dir='ltr'>ἐναντίων</span> <span class='ocrx_word' id='word_1_131' title='bbox 917 2003 1283 2074; x_wconf 77' lang='grc' dir='ltr'>τεταγμένους</span> <span class='ocrx_word' id='word_1_132' title='bbox 1333 2005 1399 2073; x_wconf 75' lang='grc' dir='ltr'>τῇ</span> <span class='ocrx_word' id='word_1_133' title='bbox 1446 2000 1716 2072; x_wconf 65' lang='grc' dir='ltr'>ἐμμελείᾳ.</span> <span class='ocrx_word' id='word_1_134' title='bbox 1777 2016 1872 2052; x_wconf 90' lang='grc' dir='ltr'>σου</span> <span class='ocrx_word' id='word_1_135' title='bbox 1921 1997 2042 2052; x_wconf 88' lang='grc' dir='ltr'>καθ’</span> 
     </span>
    </p>
   </div>
   <div class='ocr_carea' id='block_1_20' title="bbox 449 2089 2044 2168">
    <p class='ocr_par' dir='ltr' id='par_1_20' title="bbox 449 2089 2044 2168">
     <span class='ocr_line' id='line_1_20' title="bbox 449 2089 2044 2168; baseline -0.004 -19"><span class='ocrx_word' id='word_1_136' title='bbox 449 2097 688 2166; x_wconf 75' lang='grc' dir='ltr'>ἑκάστην</span> <span class='ocrx_word' id='word_1_137' title='bbox 712 2097 925 2168; x_wconf 81' lang='grc' dir='ltr'>ἡμέραν</span> <span class='ocrx_word' id='word_1_138' title='bbox 961 2096 1242 2168; x_wconf 79' lang='grc' dir='ltr'>μεθιστᾷς.</span> <span class='ocrx_word' id='word_1_139' title='bbox 1268 2094 1343 2146; x_wconf 86' lang='grc' dir='ltr'>υύ</span> <span class='ocrx_word' id='word_1_140' title='bbox 1369 2092 1458 2146; x_wconf 87' lang='grc' dir='ltr'>διά</span> <span class='ocrx_word' id='word_1_141' title='bbox 1483 2091 1657 2145; x_wconf 89' lang='grc' dir='ltr'>ταῦτα</span> <span class='ocrx_word' id='word_1_142' title='bbox 1689 2091 1746 2144; x_wconf 86' lang='grc' dir='ltr'>δέ</span> <span class='ocrx_word' id='word_1_143' title='bbox 1777 2089 2044 2160; x_wconf 75' lang='grc' dir='ltr'>θαυμάζω</span> 
     </span>
    </p>
   </div>
   <div class='ocr_carea' id='block_1_21' title="bbox 453 2182 2042 2258">
    <p class='ocr_par' dir='ltr' id='par_1_21' title="bbox 453 2182 2042 2258">
     <span class='ocr_line' id='line_1_21' title="bbox 453 2182 2042 2258; baseline -0.003 -18"><span class='ocrx_word' id='word_1_144' title='bbox 453 2189 633 2258; x_wconf 83' lang='grc' dir='ltr'>μόνον,</span> <span class='ocrx_word' id='word_1_145' title='bbox 658 2189 771 2242; x_wconf 78' lang='grc' dir='ltr'>ἀλλ’</span> <span class='ocrx_word' id='word_1_146' title='bbox 795 2191 878 2242; x_wconf 84' lang='grc' dir='ltr'>ὅτι</span> <span class='ocrx_word' id='word_1_147' title='bbox 913 2190 1006 2242; x_wconf 71' lang='grc' dir='ltr'>καὶ</span> <span class='ocrx_word' id='word_1_148' title='bbox 1037 2190 1094 2240; x_wconf 86' lang='grc' dir='ltr'>ἐν</span> <span class='ocrx_word' id='word_1_149' title='bbox 1131 2188 1212 2239; x_wconf 77' lang='grc' dir='ltr'>ἐνὶ</span> <span class='ocrx_word' id='word_1_150' title='bbox 1249 2183 1534 2256; x_wconf 88' lang='grc' dir='ltr'>ίδρυμένος</span> <span class='ocrx_word' id='word_1_151' title='bbox 1581 2182 1788 2255; x_wconf 82' lang='grc' dir='ltr'>χωρίῳ,</span> <span class='ocrx_word' id='word_1_152' title='bbox 1820 2183 1918 2254; x_wconf 78' lang='grc' dir='ltr'>τὴν</span> <span class='ocrx_word' id='word_1_153' title='bbox 1963 2185 2042 2236; x_wconf 86' lang='grc' dir='ltr'>οί-</span> 
     </span>
    </p>
   </div>
   <div class='ocr_carea' id='block_1_22' title="bbox 450 2273 2042 2348">
    <p class='ocr_par' dir='ltr' id='par_1_22' title="bbox 450 2273 2042 2348">
     <span class='ocr_line' id='line_1_22' title="bbox 450 2273 2042 2348; baseline -0.003 -18"><span class='ocrx_word' id='word_1_154' title='bbox 450 2278 724 2348; x_wconf 85' lang='grc' dir='ltr'>κουμένην</span> <span class='ocrx_word' id='word_1_155' title='bbox 774 2280 990 2332; x_wconf 73' lang='grc' dir='ltr'>ἃπασαν</span> <span class='ocrx_word' id='word_1_156' title='bbox 1032 2277 1326 2348; x_wconf 79' lang='grc' dir='ltr'>μεριμνᾷς,</span> <span class='ocrx_word' id='word_1_157' title='bbox 1374 2275 1445 2327; x_wconf 92' lang='grc' dir='ltr'>τά</span> <span class='ocrx_word' id='word_1_158' title='bbox 1477 2276 1534 2328; x_wconf 85' lang='grc' dir='ltr'>ἐν</span> <span class='ocrx_word' id='word_1_159' title='bbox 1579 2273 1930 2346; x_wconf 79' lang='grc' dir='ltr'>Παλαιστίνῃ,</span> <span class='ocrx_word' id='word_1_160' title='bbox 1973 2273 2042 2326; x_wconf 91' lang='grc' dir='ltr'>τά</span> 
     </span>
    </p>
   </div>
   <div class='ocr_carea' id='block_1_23' title="bbox 449 2360 2040 2441">
    <p class='ocr_par' dir='ltr' id='par_1_23' title="bbox 449 2360 2040 2441">
     <span class='ocr_line' id='line_1_23' title="bbox 449 2360 2040 2441; baseline -0.003 -21"><span class='ocrx_word' id='word_1_161' title='bbox 449 2370 510 2420; x_wconf 88' lang='grc' dir='ltr'>ἐν</span> <span class='ocrx_word' id='word_1_162' title='bbox 541 2371 782 2441; x_wconf 79' lang='grc' dir='ltr'>Φοινίκῃ,</span> <span class='ocrx_word' id='word_1_163' title='bbox 830 2371 897 2424; x_wconf 85' lang='grc' dir='ltr'>τά</span> <span class='ocrx_word' id='word_1_164' title='bbox 930 2371 987 2423; x_wconf 88' lang='grc' dir='ltr'>ἐν</span> <span class='ocrx_word' id='word_1_165' title='bbox 1019 2367 1262 2439; x_wconf 74' lang='grc' dir='ltr'>Κιλικία,</span> <span class='ocrx_word' id='word_1_166' title='bbox 1302 2360 1377 2421; x_wconf 81' lang='grc' dir='ltr'>ὧν</span> <span class='ocrx_word' id='word_1_167' title='bbox 1406 2367 1502 2421; x_wconf 70' lang='grc' dir='ltr'>καὶ</span> <span class='ocrx_word' id='word_1_168' title='bbox 1534 2365 1770 2436; x_wconf 89' lang='grc' dir='ltr'>μάλιστα</span> <span class='ocrx_word' id='word_1_169' title='bbox 1818 2364 2040 2437; x_wconf 89' lang='grc' dir='ltr'>φροντί-</span> 
     </span>
    </p>
   </div>
   <div class='ocr_carea' id='block_1_24' title="bbox 446 2459 2041 2531">
    <p class='ocr_par' dir='ltr' id='par_1_24' title="bbox 446 2459 2041 2531">
     <span class='ocr_line' id='line_1_24' title="bbox 446 2459 2041 2531; baseline -0.004 -15"><span class='ocrx_word' id='word_1_170' title='bbox 446 2463 564 2528; x_wconf 78' lang='grc' dir='ltr'>ζειν</span> <span class='ocrx_word' id='word_1_171' title='bbox 609 2463 868 2531; x_wconf 83' lang='grc' dir='ltr'>ὀφείλεις.</span> <span class='ocrx_word' id='word_1_172' title='bbox 918 2460 1267 2516; x_wconf 83' lang='grc' dir='ltr'>[Ιαλαιστινοὶ</span> <span class='ocrx_word' id='word_1_173' title='bbox 1323 2461 1421 2530; x_wconf 77' lang='grc' dir='ltr'>μὲν</span> <span class='ocrx_word' id='word_1_174' title='bbox 1468 2460 1578 2531; x_wconf 82' lang='grc' dir='ltr'>γὰρ</span> <span class='ocrx_word' id='word_1_175' title='bbox 1621 2459 1718 2512; x_wconf 75' lang='grc' dir='ltr'>καὶ</span> <span class='ocrx_word' id='word_1_176' title='bbox 1762 2459 2041 2523; x_wconf 76' lang='grc' dir='ltr'>Φοίνικες,</span> 
     </span>
    </p>
   </div>
   <div class='ocr_carea' id='block_1_25' title="bbox 451 2549 2042 2622">
    <p class='ocr_par' dir='ltr' id='par_1_25' title="bbox 451 2549 2042 2622">
     <span class='ocr_line' id='line_1_25' title="bbox 451 2549 2042 2622; baseline -0.003 -16"><span class='ocrx_word' id='word_1_177' title='bbox 451 2553 634 2617; x_wconf 86' lang='grc' dir='ltr'>καθὼς</span> <span class='ocrx_word' id='word_1_178' title='bbox 683 2553 855 2622; x_wconf 82' lang='grc' dir='ltr'>ἔγνων</span> <span class='ocrx_word' id='word_1_179' title='bbox 904 2553 1114 2622; x_wconf 80' lang='grc' dir='ltr'>σαφῶς,</span> <span class='ocrx_word' id='word_1_180' title='bbox 1156 2553 1258 2606; x_wconf 89' lang='grc' dir='ltr'>οὐκ</span> <span class='ocrx_word' id='word_1_181' title='bbox 1312 2549 1562 2616; x_wconf 79' lang='grc' dir='ltr'>ἐδέξαντο</span> <span class='ocrx_word' id='word_1_182' title='bbox 1593 2551 1684 2604; x_wconf 84' lang='grc' dir='ltr'>τὸν</span> <span class='ocrx_word' id='word_1_183' title='bbox 1733 2549 1886 2621; x_wconf 89' lang='grc' dir='ltr'>παρά</span> <span class='ocrx_word' id='word_1_184' title='bbox 1933 2550 2042 2602; x_wconf 89' lang='grc' dir='ltr'>τῶν</span> 
     </span>
    </p>
   </div>
   <div class='ocr_carea' id='block_1_26' title="bbox 449 2643 2043 2715">
    <p class='ocr_par' dir='ltr' id='par_1_26' title="bbox 449 2643 2043 2715">
     <span class='ocr_line' id='line_1_26' title="bbox 449 2643 2043 2715; baseline -0.001 -18"><span class='ocrx_word' id='word_1_185' title='bbox 449 2645 709 2699; x_wconf 83' lang='grc' dir='ltr'>ἐναντίων</span> <span class='ocrx_word' id='word_1_186' title='bbox 739 2645 1120 2699; x_wconf 78' lang='grc' dir='ltr'>ἀποσταλέντα</span> <span class='ocrx_word' id='word_1_187' title='bbox 1158 2645 1362 2708; x_wconf 86' lang='grc' dir='ltr'>ἐκεῖσε,</span> <span class='ocrx_word' id='word_1_188' title='bbox 1392 2643 1516 2697; x_wconf 88' lang='grc' dir='ltr'>οὐδέ</span> <span class='ocrx_word' id='word_1_189' title='bbox 1552 2643 1900 2715; x_wconf 86' lang='grc' dir='ltr'>ἀποκρίσεως</span> <span class='ocrx_word' id='word_1_190' title='bbox 1943 2644 2043 2696; x_wconf 91' lang='grc' dir='ltr'>αύ-</span> 
     </span>
    </p>
   </div>
   <div class='ocr_carea' id='block_1_27' title="bbox 448 2738 2042 2811">
    <p class='ocr_par' dir='ltr' id='par_1_27' title="bbox 448 2738 2042 2811">
     <span class='ocr_line' id='line_1_27' title="bbox 448 2738 2042 2811; baseline -0.001 -19"><span class='ocrx_word' id='word_1_191' title='bbox 448 2741 540 2794; x_wconf 79' lang='grc' dir='ltr'>τδν</span> <span class='ocrx_word' id='word_1_192' title='bbox 593 2740 863 2811; x_wconf 79' lang='grc' dir='ltr'>ἠξίωσαν·</span> <span class='ocrx_word' id='word_1_193' title='bbox 906 2741 933 2793; x_wconf 88' lang='grc' dir='ltr'>ό</span> <span class='ocrx_word' id='word_1_194' title='bbox 963 2740 1018 2793; x_wconf 90' lang='grc' dir='ltr'>δέ</span> <span class='ocrx_word' id='word_1_195' title='bbox 1051 2739 1254 2808; x_wconf 83' lang='grc' dir='ltr'>Αίγῶν,</span> <span class='ocrx_word' id='word_1_196' title='bbox 1287 2741 1363 2803; x_wconf 88' lang='grc' dir='ltr'>ώς</span> <span class='ocrx_word' id='word_1_197' title='bbox 1396 2739 1591 2808; x_wconf 80' lang='grc' dir='ltr'>ἔγνων,</span> <span class='ocrx_word' id='word_1_198' title='bbox 1641 2739 1735 2792; x_wconf 79' lang='grc' dir='ltr'>καὶ</span> <span class='ocrx_word' id='word_1_199' title='bbox 1764 2739 1793 2792; x_wconf 90' lang='grc' dir='ltr'>ό</span> <span class='ocrx_word' id='word_1_200' title='bbox 1822 2738 2042 2810; x_wconf 81' lang='grc' dir='ltr'>Ταρσοῦ</span> 
     </span>
    </p>
   </div>
   <div class='ocr_carea' id='block_1_28' title="bbox 448 2829 2042 2905">
    <p class='ocr_par' dir='ltr' id='par_1_28' title="bbox 448 2829 2042 2905">
     <span class='ocr_line' id='line_1_28' title="bbox 448 2829 2042 2905; baseline -0.002 -19"><span class='ocrx_word' id='word_1_201' title='bbox 448 2835 570 2904; x_wconf 81' lang='grc' dir='ltr'>μετ’</span> <span class='ocrx_word' id='word_1_202' title='bbox 605 2831 756 2905; x_wconf 77' lang='lat' dir='ltr'>[7H]</span> <span class='ocrx_word' id='word_1_203' title='bbox 802 2833 1026 2886; x_wconf 82' lang='grc' dir='ltr'>ἐκείνων</span> <span class='ocrx_word' id='word_1_204' title='bbox 1074 2831 1399 2895; x_wconf 88' lang='grc' dir='ltr'>τάττονται,</span> <span class='ocrx_word' id='word_1_205' title='bbox 1457 2831 1553 2885; x_wconf 67' lang='grc' dir='ltr'>κα)⁸</span> <span class='ocrx_word' id='word_1_206' title='bbox 1598 2833 1626 2885; x_wconf 92' lang='grc' dir='ltr'>ό</span> <span class='ocrx_word' id='word_1_207' title='bbox 1668 2829 2042 2884; x_wconf 79' lang='grc' dir='ltr'>Κασταὸάλων</span> 
     </span>
    </p>
   </div>
   <div class='ocr_carea' id='block_1_29' title="bbox 447 2923 2043 2997">
    <p class='ocr_par' dir='ltr' id='par_1_29' title="bbox 447 2923 2043 2997">
     <span class='ocr_line' id='line_1_29' title="bbox 447 2923 2043 2997; baseline -0.001 -19"><span class='ocrx_word' id='word_1_208' title='bbox 447 2925 682 2978; x_wconf 85' lang='grc' dir='ltr'>ἐνταῦθα</span> <span class='ocrx_word' id='word_1_209' title='bbox 731 2925 966 2997; x_wconf 86' lang='grc' dir='ltr'>ἐδήλωσέ</span> <span class='ocrx_word' id='word_1_210' title='bbox 1027 2943 1134 2979; x_wconf 91' lang='grc' dir='ltr'>τινι</span> <span class='ocrx_word' id='word_1_211' title='bbox 1198 2924 1308 2978; x_wconf 91' lang='grc' dir='ltr'>τῶν</span> <span class='ocrx_word' id='word_1_212' title='bbox 1377 2924 1666 2995; x_wconf 82' lang='grc' dir='ltr'>ἡμετέρων</span> <span class='ocrx_word' id='word_1_213' title='bbox 1709 2923 1912 2992; x_wconf 88' lang='grc' dir='ltr'>φίλων,</span> <span class='ocrx_word' id='word_1_214' title='bbox 1959 2924 2043 2977; x_wconf 79' lang='grc' dir='ltr'>ὅτι</span> 
     </span>
    </p>
   </div>
   <div class='ocr_carea' id='block_1_30' title="bbox 443 3015 2042 3086">
    <p class='ocr_par' dir='ltr' id='par_1_30' title="bbox 443 3015 2042 3086">
     <span class='ocr_line' id='line_1_30' title="bbox 443 3015 2042 3086; baseline -0.001 -17"><span class='ocrx_word' id='word_1_215' title='bbox 443 3017 845 3086; x_wconf 72' lang='grc' dir='ltr'>ἀναγκάζουσιν</span> <span class='ocrx_word' id='word_1_216' title='bbox 903 3018 1103 3081; x_wconf 76' lang='grc' dir='ltr'>αὐτοὺς</span> <span class='ocrx_word' id='word_1_217' title='bbox 1153 3017 1200 3070; x_wconf 85' lang='grc' dir='ltr'>οί</span> <span class='ocrx_word' id='word_1_218' title='bbox 1246 3015 1355 3069; x_wconf 80' lang='grc' dir='ltr'>ἀπὸ</span> <span class='ocrx_word' id='word_1_219' title='bbox 1404 3015 2042 3079; x_wconf 81' lang='grc' dir='ltr'>Κωνσταντινουπόλεως</span> 
     </span>
    </p>
   </div>
   <div class='ocr_carea' id='block_1_31' title="bbox 445 3103 2038 3178">
    <p class='ocr_par' dir='ltr' id='par_1_31' title="bbox 445 3103 2038 3178">
     <span class='ocr_line' id='line_1_31' title="bbox 445 3103 2038 3178; baseline 0 -20"><span class='ocrx_word' id='word_1_220' title='bbox 445 3108 513 3176; x_wconf 78' lang='grc' dir='ltr'>τῇ</span> <span class='ocrx_word' id='word_1_221' title='bbox 545 3106 859 3178; x_wconf 64' lang='grc' dir='ltr'>παρανομίᾳ</span> <span class='ocrx_word' id='word_1_222' title='bbox 889 3104 1070 3160; x_wconf 87' lang='grc' dir='ltr'>αὐτῶν</span> <span class='ocrx_word' id='word_1_223' title='bbox 1101 3103 1411 3168; x_wconf 81' lang='grc' dir='ltr'>συνθέσθαι,</span> <span class='ocrx_word' id='word_1_224' title='bbox 1442 3107 1539 3158; x_wconf 82' lang='grc' dir='ltr'>καὶ</span> <span class='ocrx_word' id='word_1_225' title='bbox 1566 3106 1704 3170; x_wconf 89' lang='grc' dir='ltr'>τέως</span> <span class='ocrx_word' id='word_1_226' title='bbox 1733 3107 2038 3176; x_wconf 90' lang='grc' dir='ltr'>ἀντέχουσι.</span> 
     </span>
    </p>
   </div>
   <div class='ocr_carea' id='block_1_32' title="bbox 449 3196 2043 3269">
    <p class='ocr_par' dir='ltr' id='par_1_32' title="bbox 449 3196 2043 3269">
     <span class='ocr_line' id='line_1_32' title="bbox 449 3196 2043 3269; baseline 0.002 -21"><span class='ocrx_word' id='word_1_227' title='bbox 449 3196 659 3268; x_wconf 81' lang='grc' dir='ltr'>Πολλῆς</span> <span class='ocrx_word' id='word_1_228' title='bbox 709 3196 892 3250; x_wconf 90' lang='grc' dir='ltr'>τοίνυν</span> <span class='ocrx_word' id='word_1_229' title='bbox 943 3214 1025 3249; x_wconf 90' lang='grc' dir='ltr'>σοι</span> <span class='ocrx_word' id='word_1_230' title='bbox 1059 3196 1141 3250; x_wconf 87' lang='grc' dir='ltr'>δεῖ</span> <span class='ocrx_word' id='word_1_231' title='bbox 1193 3198 1290 3267; x_wconf 82' lang='grc' dir='ltr'>τῆς</span> <span class='ocrx_word' id='word_1_232' title='bbox 1350 3197 1654 3269; x_wconf 78' lang='grc' dir='ltr'>μερίμνης,</span> <span class='ocrx_word' id='word_1_233' title='bbox 1703 3197 1907 3267; x_wconf 82' lang='grc' dir='ltr'>πολλῆς</span> <span class='ocrx_word' id='word_1_234' title='bbox 1942 3199 2043 3269; x_wconf 85' lang='grc' dir='ltr'>τῆς</span> 
     </span>
    </p>
   </div>
   <div class='ocr_carea' id='block_1_33' title="bbox 447 3288 2043 3363">
    <p class='ocr_par' dir='ltr' id='par_1_33' title="bbox 447 3288 2043 3363">
     <span class='ocr_line' id='line_1_33' title="bbox 447 3288 2043 3363; baseline 0 -21"><span class='ocrx_word' id='word_1_235' title='bbox 447 3289 776 3363; x_wconf 81' lang='grc' dir='ltr'>ἀγρυπνίας,</span> <span class='ocrx_word' id='word_1_236' title='bbox 813 3288 955 3342; x_wconf 81' lang='grc' dir='ltr'>ὥστε</span> <span class='ocrx_word' id='word_1_237' title='bbox 995 3290 1090 3342; x_wconf 72' lang='grc' dir='ltr'>καὶ</span> <span class='ocrx_word' id='word_1_238' title='bbox 1120 3288 1278 3342; x_wconf 90' lang='grc' dir='ltr'>τοῦτο</span> <span class='ocrx_word' id='word_1_239' title='bbox 1312 3289 1604 3360; x_wconf 85' lang='grc' dir='ltr'>διορθῶσαι</span> <span class='ocrx_word' id='word_1_240' title='bbox 1643 3289 1704 3342; x_wconf 85' lang='grc' dir='ltr'>τὸ</span> <span class='ocrx_word' id='word_1_241' title='bbox 1748 3291 1932 3362; x_wconf 80' lang='grc' dir='ltr'>μέρος,</span> <span class='ocrx_word' id='word_1_242' title='bbox 1965 3289 2043 3361; x_wconf 81' lang='grc' dir='ltr'>τῷ</span> 
     </span>
    </p>
   </div>
   <div class='ocr_carea' id='block_1_34' title="bbox 448 3379 2042 3453">
    <p class='ocr_par' dir='ltr' id='par_1_34' title="bbox 448 3379 2042 3453">
     <span class='ocr_line' id='line_1_34' title="bbox 448 3379 2042 3453; baseline 0.001 -20"><span class='ocrx_word' id='word_1_243' title='bbox 448 3379 680 3452; x_wconf 80' lang='grc' dir='ltr'>δεσπότῃ</span> <span class='ocrx_word' id='word_1_244' title='bbox 713 3397 814 3451; x_wconf 88' lang='grc' dir='ltr'>μου</span> <span class='ocrx_word' id='word_1_245' title='bbox 850 3379 1122 3450; x_wconf 70' lang='grc' dir='ltr'>γράψαντι</span> <span class='ocrx_word' id='word_1_246' title='bbox 1151 3379 1228 3451; x_wconf 82' lang='grc' dir='ltr'>τῷ</span> <span class='ocrx_word' id='word_1_247' title='bbox 1255 3379 1461 3451; x_wconf 70' lang='grc' dir='ltr'>ἀνεψιῷ</span> <span class='ocrx_word' id='word_1_248' title='bbox 1500 3397 1615 3445; x_wconf 86' lang='grc' dir='ltr'>σου,</span> <span class='ocrx_word' id='word_1_249' title='bbox 1644 3380 1720 3452; x_wconf 78' lang='grc' dir='ltr'>τῷ</span> <span class='ocrx_word' id='word_1_250' title='bbox 1757 3381 1932 3453; x_wconf 86' lang='grc' dir='ltr'>κυρίῳ</span> <span class='ocrx_word' id='word_1_251' title='bbox 1964 3379 2042 3452; x_wconf 80' lang='grc' dir='ltr'>τῷ</span> 
     </span>
    </p>
   </div>
   <div class='ocr_carea' id='block_1_35' title="bbox 448 3471 2041 3545">
    <p class='ocr_par' dir='ltr' id='par_1_35' title="bbox 448 3471 2041 3545">
     <span class='ocr_line' id='line_1_35' title="bbox 448 3471 2041 3545; baseline 0.003 -22"><span class='ocrx_word' id='word_1_252' title='bbox 448 3471 737 3542; x_wconf 81' lang='grc' dir='ltr'>ἐπισκόπῳ</span> <span class='ocrx_word' id='word_1_253' title='bbox 766 3472 1044 3543; x_wconf 83' lang='grc' dir='ltr'>Θεοδώρῳ.</span> <span class='ocrx_word' id='word_1_254' title='bbox 1078 3472 1159 3525; x_wconf 87' lang='grc' dir='ltr'>Τά</span> <span class='ocrx_word' id='word_1_255' title='bbox 1193 3471 1334 3525; x_wconf 89' lang='grc' dir='ltr'>κατά</span> <span class='ocrx_word' id='word_1_256' title='bbox 1362 3472 1660 3544; x_wconf 87' lang='grc' dir='ltr'>Φαρέτριον</span> <span class='ocrx_word' id='word_1_257' title='bbox 1693 3473 1915 3545; x_wconf 86' lang='grc' dir='ltr'>λυπηρά</span> <span class='ocrx_word' id='word_1_258' title='bbox 1943 3475 2041 3545; x_wconf 91' lang='grc' dir='ltr'>μέν</span> 
     </span>
    </p>
   </div>
   <div class='ocr_carea' id='block_1_36' title="bbox 449 3564 2040 3640">
    <p class='ocr_par' dir='ltr' id='par_1_36' title="bbox 449 3564 2040 3640">
     <span class='ocr_line' id='line_1_36' title="bbox 449 3564 2040 3640; baseline 0.003 -22"><span class='ocrx_word' id='word_1_259' title='bbox 449 3565 544 3618; x_wconf 75' lang='grc' dir='ltr'>καὶ</span> <span class='ocrx_word' id='word_1_260' title='bbox 573 3564 777 3636; x_wconf 90' lang='grc' dir='ltr'>σφόδρα</span> <span class='ocrx_word' id='word_1_261' title='bbox 814 3565 1040 3636; x_wconf 83' lang='grc' dir='ltr'>ἀνιαρά·</span> <span class='ocrx_word' id='word_1_262' title='bbox 1074 3565 1213 3636; x_wconf 76' lang='grc' dir='ltr'>πλὴν</span> <span class='ocrx_word' id='word_1_263' title='bbox 1237 3565 1349 3618; x_wconf 89' lang='grc' dir='ltr'>ἀλλ’</span> <span class='ocrx_word' id='word_1_264' title='bbox 1374 3566 1564 3638; x_wconf 79' lang='grc' dir='ltr'>ἐπειδὴ</span> <span class='ocrx_word' id='word_1_265' title='bbox 1592 3567 1642 3619; x_wconf 84' lang='grc' dir='ltr'>οἱ</span> <span class='ocrx_word' id='word_1_266' title='bbox 1678 3567 2040 3640; x_wconf 75' lang='grc' dir='ltr'>πρεσϐύτεροι</span> 
     </span>
    </p>
   </div>
   <div class='ocr_carea' id='block_1_37' title="bbox 449 3655 2040 3734">
    <p class='ocr_par' dir='ltr' id='par_1_37' title="bbox 449 3655 2040 3734">
     <span class='ocr_line' id='line_1_37' title="bbox 449 3655 2040 3734; baseline 0.003 -25"><span class='ocrx_word' id='word_1_267' title='bbox 449 3655 614 3710; x_wconf 86' lang='grc' dir='ltr'>αὐτοῦ</span> <span class='ocrx_word' id='word_1_268' title='bbox 649 3656 772 3710; x_wconf 77' lang='grc' dir='ltr'>οὐτε</span> <span class='ocrx_word' id='word_1_269' title='bbox 808 3657 1100 3728; x_wconf 78' lang='grc' dir='ltr'>συνέτυχον</span> <span class='ocrx_word' id='word_1_270' title='bbox 1140 3659 1252 3720; x_wconf 90' lang='grc' dir='ltr'>τοῖς</span> <span class='ocrx_word' id='word_1_271' title='bbox 1289 3658 1576 3724; x_wconf 85' lang='grc' dir='ltr'>ἐναντίοις,</span> <span class='ocrx_word' id='word_1_272' title='bbox 1624 3659 1700 3723; x_wconf 88' lang='grc' dir='ltr'>ώς</span> <span class='ocrx_word' id='word_1_273' title='bbox 1749 3661 1877 3734; x_wconf 80' lang='grc' dir='ltr'>φὴς,</span> <span class='ocrx_word' id='word_1_274' title='bbox 1915 3660 2040 3714; x_wconf 78' lang='grc' dir='ltr'>οὐτε</span> 
     </span>
    </p>
   </div>
   <div class='ocr_carea' id='block_1_38' title="bbox 447 3746 2078 3820">
    <p class='ocr_par' dir='ltr' id='par_1_38' title="bbox 447 3746 2078 3820">
     <span class='ocr_line' id='line_1_38' title="bbox 447 3746 2078 3820; baseline 0.002 -18"><span class='ocrx_word' id='word_1_275' title='bbox 447 3746 967 3819; x_wconf 60' lang='grc' dir='ltr'>αἱροῦνταναύτοῖς</span> <span class='ocrx_word' id='word_1_276' title='bbox 1009 3749 1359 3820; x_wconf 88' lang='grc' dir='ltr'>κοινωνῆσαι,</span> <span class='ocrx_word' id='word_1_277' title='bbox 1408 3749 1524 3803; x_wconf 82' lang='grc' dir='ltr'>ἀλλ’</span> <span class='ocrx_word' id='word_1_278' title='bbox 1555 3750 1631 3814; x_wconf 90' lang='grc' dir='ltr'>ώς</span> <span class='ocrx_word' id='word_1_279' title='bbox 1661 3750 1930 3820; x_wconf 90' lang='grc' dir='ltr'>λέγουσιν,</span> <span class='ocrx_word' id='word_1_280' title='bbox 1959 3751 2040 3805; x_wconf 85' lang='grc' dir='ltr'>έτι</span> <span class='ocrx_word' id='word_1_281' title='bbox 2069 3785 2078 3798; x_wconf 79' lang='grc' dir='ltr'>ι</span> 
     </span>
    </p>
   </div>
   <div class='ocr_carea' id='block_1_39' title="bbox 451 3839 2040 3918">
    <p class='ocr_par' dir='ltr' id='par_1_39' title="bbox 451 3839 2040 3918">
     <span class='ocr_line' id='line_1_39' title="bbox 451 3839 2040 3918; baseline 0.004 -26"><span class='ocrx_word' id='word_1_282' title='bbox 451 3839 570 3910; x_wconf 86' lang='grc' dir='ltr'>μεθ’</span> <span class='ocrx_word' id='word_1_283' title='bbox 595 3840 751 3912; x_wconf 87' lang='grc' dir='ltr'>ἡμῶν</span> <span class='ocrx_word' id='word_1_284' title='bbox 789 3842 1076 3912; x_wconf 78' lang='grc' dir='ltr'>ἑστήκασι,</span> <span class='ocrx_word' id='word_1_285' title='bbox 1114 3843 1279 3915; x_wconf 80' lang='grc' dir='ltr'>μηδὲν</span> <span class='ocrx_word' id='word_1_286' title='bbox 1305 3843 1508 3898; x_wconf 87' lang='grc' dir='ltr'>τούτων</span> <span class='ocrx_word' id='word_1_287' title='bbox 1538 3845 1878 3918; x_wconf 74' lang='grc' dir='ltr'>κοινωνήσῃς</span> <span class='ocrx_word' id='word_1_288' title='bbox 1902 3844 2040 3916; x_wconf 82' lang='grc' dir='ltr'>πρὸς</span> 
     </span>
    </p>
   </div>
   <div class='ocr_carea' id='block_1_40' title="bbox 449 3932 2042 4009">
    <p class='ocr_par' dir='ltr' id='par_1_40' title="bbox 449 3932 2042 4009">
     <span class='ocr_line' id='line_1_40' title="bbox 449 3932 2042 4009; baseline 0.004 -26"><span class='ocrx_word' id='word_1_289' title='bbox 449 3932 648 3996; x_wconf 80' lang='grc' dir='ltr'>αὐτούς</span> <span class='ocrx_word' id='word_1_290' title='bbox 679 3945 705 3973; x_wconf 76' lang='grc' dir='ltr'>ει</span> <span class='ocrx_word' id='word_1_291' title='bbox 729 3949 742 3962; x_wconf 86' lang='grc'>·</span> <span class='ocrx_word' id='word_1_292' title='bbox 776 3935 898 3986; x_wconf 77' lang='grc' dir='ltr'>ἐπεὶ</span> <span class='ocrx_word' id='word_1_293' title='bbox 931 3933 966 3988; x_wconf 78' lang='grc' dir='ltr'>ἃ.</span> <span class='ocrx_word' id='word_1_294' title='bbox 997 3936 1252 4008; x_wconf 85' lang='grc' dir='ltr'>ἐποίησεν</span> <span class='ocrx_word' id='word_1_295' title='bbox 1284 3938 1363 3998; x_wconf 87' lang='grc' dir='ltr'>είς</span> <span class='ocrx_word' id='word_1_296' title='bbox 1392 3938 1540 4008; x_wconf 77' lang='grc' dir='ltr'>ἡμᾶς</span> <span class='ocrx_word' id='word_1_297' title='bbox 1573 3937 1602 3988; x_wconf 87' lang='grc' dir='ltr'>ό</span> <span class='ocrx_word' id='word_1_298' title='bbox 1629 3936 1928 4009; x_wconf 82' lang='grc' dir='ltr'>Φαρέτριος</span> <span class='ocrx_word' id='word_1_299' title='bbox 1957 3937 2042 3990; x_wconf 86' lang='grc' dir='ltr'>οὐ·</span> 
     </span>
    </p>
   </div>
   <div class='ocr_carea' id='block_1_41' title="bbox 447 4021 2040 4097">
    <p class='ocr_par' dir='ltr' id='par_1_41' title="bbox 447 4021 2040 4097">
     <span class='ocr_line' id='line_1_41' title="bbox 447 4021 2040 4097; baseline 0.004 -24"><span class='ocrx_word' id='word_1_300' title='bbox 447 4021 639 4093; x_wconf 84' lang='grc' dir='ltr'>δεμίαν</span> <span class='ocrx_word' id='word_1_301' title='bbox 668 4022 779 4094; x_wconf 77' lang='grc' dir='ltr'>ἔχει</span> <span class='ocrx_word' id='word_1_302' title='bbox 812 4022 1162 4095; x_wconf 89' lang='grc' dir='ltr'>συγγνώμην.</span> <span class='ocrx_word' id='word_1_303' title='bbox 1201 4025 1263 4078; x_wconf 88' lang='lat'>&#39;0</span> <span class='ocrx_word' id='word_1_304' title='bbox 1295 4024 1477 4096; x_wconf 82' lang='grc' dir='ltr'>μέντοι</span> <span class='ocrx_word' id='word_1_305' title='bbox 1506 4025 1705 4097; x_wconf 80' lang='grc' dir='ltr'>κλῆρος</span> <span class='ocrx_word' id='word_1_306' title='bbox 1735 4025 1898 4079; x_wconf 90' lang='grc' dir='ltr'>αὐτοῦ</span> <span class='ocrx_word' id='word_1_307' title='bbox 1931 4028 2040 4091; x_wconf 81' lang='grc' dir='ltr'>πᾶς</span> 
     </span>
    </p>
   </div>
   <div class='ocr_carea' id='block_1_42' title="bbox 319 4113 2038 4189">
    <p class='ocr_par' dir='ltr' id='par_1_42' title="bbox 319 4113 2038 4189">
     <span class='ocr_line' id='line_1_42' title="bbox 319 4113 2038 4189; baseline 0.004 -26"><span class='ocrx_word' id='word_1_308' title='bbox 319 4147 334 4152; x_wconf 61' lang='grc' dir='ltr'>ι</span> <span class='ocrx_word' id='word_1_309' title='bbox 449 4117 546 4164; x_wconf 77' lang='grc' dir='ltr'>καὶ</span> <span class='ocrx_word' id='word_1_310' title='bbox 579 4113 755 4183; x_wconf 86' lang='grc' dir='ltr'>ῆλγει,</span> <span class='ocrx_word' id='word_1_311' title='bbox 793 4115 888 4168; x_wconf 77' lang='grc' dir='ltr'>καὶ</span> <span class='ocrx_word' id='word_1_312' title='bbox 926 4113 1182 4186; x_wconf 83' lang='grc' dir='ltr'>ὠδύρετο,</span> <span class='ocrx_word' id='word_1_313' title='bbox 1217 4116 1311 4168; x_wconf 73' lang='grc' dir='ltr'>καὶ</span> <span class='ocrx_word' id='word_1_314' title='bbox 1340 4115 1577 4186; x_wconf 81' lang='grc' dir='ltr'>ἐθρήνει,</span> <span class='ocrx_word' id='word_1_315' title='bbox 1607 4116 1701 4169; x_wconf 76' lang='grc' dir='ltr'>καὶ</span> <span class='ocrx_word' id='word_1_316' title='bbox 1737 4116 1855 4186; x_wconf 86' lang='grc' dir='ltr'>μεθ’</span> <span class='ocrx_word' id='word_1_317' title='bbox 1880 4117 2038 4189; x_wconf 85' lang='grc' dir='ltr'>ἡμῶν</span> 
     </span>
    </p>
   </div>
   <div class='ocr_carea' id='block_1_43' title="bbox 447 4203 2040 4281">
    <p class='ocr_par' dir='ltr' id='par_1_43' title="bbox 447 4203 2040 4281">
     <span class='ocr_line' id='line_1_43' title="bbox 447 4203 2040 4281; baseline 0.003 -21"><span class='ocrx_word' id='word_1_318' title='bbox 447 4206 588 4271; x_wconf 83' lang='grc' dir='ltr'>ὅλως</span> <span class='ocrx_word' id='word_1_319' title='bbox 621 4203 688 4278; x_wconf 76' lang='grc' dir='ltr'>ἦν</span> <span class='ocrx_word' id='word_1_320' title='bbox 722 4209 787 4277; x_wconf 79' lang='grc' dir='ltr'>τῇ</span> <span class='ocrx_word' id='word_1_321' title='bbox 820 4206 1036 4278; x_wconf 87' lang='grc' dir='ltr'>γνώμῃ.</span> <span class='ocrx_word' id='word_1_322' title='bbox 1077 4207 1217 4258; x_wconf 85' lang='grc' dir='ltr'>Ἀλλ’</span> <span class='ocrx_word' id='word_1_323' title='bbox 1249 4208 1336 4260; x_wconf 79' lang='grc' dir='ltr'>ἵνα</span> <span class='ocrx_word' id='word_1_324' title='bbox 1371 4208 1446 4278; x_wconf 79' lang='grc' dir='ltr'>μὴ</span> <span class='ocrx_word' id='word_1_325' title='bbox 1474 4207 1692 4272; x_wconf 84' lang='grc' dir='ltr'>τούτους</span> <span class='ocrx_word' id='word_1_326' title='bbox 1722 4211 2040 4281; x_wconf 85' lang='grc' dir='ltr'>ποιήσωμεν</span> 
     </span>
    </p>
   </div>
   <div class='ocr_carea' id='block_1_44' title="bbox 451 4297 2039 4369">
    <p class='ocr_par' dir='ltr' id='par_1_44' title="bbox 451 4297 2039 4369">
     <span class='ocr_line' id='line_1_44' title="bbox 451 4297 2039 4369; baseline 0.003 -18"><span class='ocrx_word' id='word_1_327' title='bbox 451 4297 826 4368; x_wconf 82' lang='grc' dir='ltr'>ἁποπηδῆσαι,</span> <span class='ocrx_word' id='word_1_328' title='bbox 871 4299 966 4350; x_wconf 70' lang='grc' dir='ltr'>καὶ</span> <span class='ocrx_word' id='word_1_329' title='bbox 1011 4297 1378 4368; x_wconf 83' lang='grc' dir='ltr'>τραχυτέρους</span> <span class='ocrx_word' id='word_1_330' title='bbox 1425 4297 1808 4368; x_wconf 85' lang='grc' dir='ltr'>ἐργασώμεθα,</span> <span class='ocrx_word' id='word_1_331' title='bbox 1851 4300 2039 4369; x_wconf 86' lang='grc' dir='ltr'>μαθὼν</span> 
     </span>
    </p>
   </div>
   <div class='ocr_carea' id='block_1_45' title="bbox 453 4387 2038 4462">
    <p class='ocr_par' dir='ltr' id='par_1_45' title="bbox 453 4387 2038 4462">
     <span class='ocr_line' id='line_1_45' title="bbox 453 4387 2038 4462; baseline 0.001 -18"><span class='ocrx_word' id='word_1_332' title='bbox 453 4391 670 4444; x_wconf 74' lang='grc' dir='ltr'>ἅπαντα</span> <span class='ocrx_word' id='word_1_333' title='bbox 697 4389 766 4440; x_wconf 88' lang='grc' dir='ltr'>τά</span> <span class='ocrx_word' id='word_1_334' title='bbox 794 4388 904 4442; x_wconf 82' lang='grc' dir='ltr'>ἀπὸ</span> <span class='ocrx_word' id='word_1_335' title='bbox 928 4387 1036 4441; x_wconf 90' lang='grc' dir='ltr'>τῶν</span> <span class='ocrx_word' id='word_1_336' title='bbox 1065 4387 1404 4459; x_wconf 86' lang='grc' dir='ltr'>ἐπαρχικῶν,</span> <span class='ocrx_word' id='word_1_337' title='bbox 1429 4389 1580 4460; x_wconf 87' lang='grc' dir='ltr'>παρά</span> <span class='ocrx_word' id='word_1_338' title='bbox 1610 4390 1792 4461; x_wconf 88' lang='grc' dir='ltr'>σαυτῴ</span> <span class='ocrx_word' id='word_1_339' title='bbox 1817 4390 2038 4462; x_wconf 88' lang='grc' dir='ltr'>κάτεχε,</span> 
     </span>
    </p>
   </div>
   <div class='ocr_carea' id='block_1_46' title="bbox 452 4479 2040 4554">
    <p class='ocr_par' dir='ltr' id='par_1_46' title="bbox 452 4479 2040 4554">
     <span class='ocr_line' id='line_1_46' title="bbox 452 4479 2040 4554; baseline 0.001 -20"><span class='ocrx_word' id='word_1_340' title='bbox 452 4481 546 4534; x_wconf 76' lang='grc' dir='ltr'>καὶ</span> <span class='ocrx_word' id='word_1_341' title='bbox 571 4479 713 4552; x_wconf 88' lang='grc' dir='ltr'>μετά</span> <span class='ocrx_word' id='word_1_342' title='bbox 743 4479 946 4549; x_wconf 87' lang='grc' dir='ltr'>πολλῆς</span> <span class='ocrx_word' id='word_1_343' title='bbox 976 4480 1316 4553; x_wconf 79' lang='grc' dir='ltr'>ἡμερότητος</span> <span class='ocrx_word' id='word_1_344' title='bbox 1346 4481 1530 4545; x_wconf 87' lang='grc' dir='ltr'>αὐτοῖς</span> <span class='ocrx_word' id='word_1_345' title='bbox 1556 4483 1896 4554; x_wconf 79' lang='grc' dir='ltr'>προσφέρου·</span> <span class='ocrx_word' id='word_1_346' title='bbox 1923 4480 2040 4536; x_wconf 81' lang='grc' dir='ltr'>οἶδα</span> 
     </span>
    </p>
   </div>
   <div class='ocr_carea' id='block_1_47' title="bbox 449 4571 2040 4644">
    <p class='ocr_par' dir='ltr' id='par_1_47' title="bbox 449 4571 2040 4644">
     <span class='ocr_line' id='line_1_47' title="bbox 449 4571 2040 4644; baseline 0 -18"><span class='ocrx_word' id='word_1_347' title='bbox 449 4573 560 4642; x_wconf 84' lang='grc' dir='ltr'>γάρ</span> <span class='ocrx_word' id='word_1_348' title='bbox 610 4588 702 4625; x_wconf 91' lang='grc' dir='ltr'>σου</span> <span class='ocrx_word' id='word_1_349' title='bbox 748 4571 810 4625; x_wconf 82' lang='grc' dir='ltr'>τὸ</span> <span class='ocrx_word' id='word_1_350' title='bbox 857 4571 1229 4640; x_wconf 75' lang='grc' dir='ltr'>οἰκονομικόν·</span> <span class='ocrx_word' id='word_1_351' title='bbox 1271 4572 1366 4626; x_wconf 80' lang='grc' dir='ltr'>καὶ</span> <span class='ocrx_word' id='word_1_352' title='bbox 1410 4571 1564 4640; x_wconf 84' lang='grc' dir='ltr'>λέγε,</span> <span class='ocrx_word' id='word_1_353' title='bbox 1606 4573 1688 4626; x_wconf 83' lang='grc' dir='ltr'>ὅτι</span> <span class='ocrx_word' id='word_1_354' title='bbox 1737 4573 1846 4627; x_wconf 77' lang='grc' dir='ltr'>Καὶ</span> <span class='ocrx_word' id='word_1_355' title='bbox 1879 4575 2040 4644; x_wconf 85' lang='grc' dir='ltr'>ἡμεῖς</span> 
     </span>
    </p>
   </div>
   <div class='ocr_carea' id='block_1_48' title="bbox 453 4662 2037 4735">
    <p class='ocr_par' dir='ltr' id='par_1_48' title="bbox 453 4662 2037 4735">
     <span class='ocr_line' id='line_1_48' title="bbox 453 4662 2037 4735; baseline 0 -19"><span class='ocrx_word' id='word_1_356' title='bbox 453 4662 788 4734; x_wconf 73' lang='grc' dir='ltr'>ἡκούσαμεν,</span> <span class='ocrx_word' id='word_1_357' title='bbox 814 4663 895 4716; x_wconf 83' lang='grc' dir='ltr'>ὅτι</span> <span class='ocrx_word' id='word_1_358' title='bbox 927 4662 1132 4734; x_wconf 88' lang='grc' dir='ltr'>σφόδρα</span> <span class='ocrx_word' id='word_1_359' title='bbox 1160 4662 1396 4734; x_wconf 84' lang='grc' dir='ltr'>ἡλγησεν</span> <span class='ocrx_word' id='word_1_360' title='bbox 1427 4664 1519 4716; x_wconf 79' lang='grc' dir='ltr'>ἐπὶ</span> <span class='ocrx_word' id='word_1_361' title='bbox 1551 4667 1663 4728; x_wconf 88' lang='grc' dir='ltr'>τοῖς</span> <span class='ocrx_word' id='word_1_362' title='bbox 1703 4664 2037 4735; x_wconf 85' lang='grc' dir='ltr'>γενομένοις,</span> 
     </span>
    </p>
   </div>
   <div class='ocr_carea' id='block_1_49' title="bbox 454 4749 2039 4828">
    <p class='ocr_par' dir='ltr' id='par_1_49' title="bbox 454 4749 2039 4828">
     <span class='ocr_line' id='line_1_49' title="bbox 454 4749 2039 4828; baseline 0.002 -21"><span class='ocrx_word' id='word_1_363' title='bbox 454 4756 548 4808; x_wconf 70' lang='grc' dir='ltr'>καὶ</span> <span class='ocrx_word' id='word_1_364' title='bbox 573 4754 653 4806; x_wconf 86' lang='grc' dir='ltr'>ὃτι</span> <span class='ocrx_word' id='word_1_365' title='bbox 685 4753 898 4824; x_wconf 74' lang='grc' dir='ltr'>ἕτοιμος</span> <span class='ocrx_word' id='word_1_366' title='bbox 926 4749 994 4826; x_wconf 83' lang='grc' dir='ltr'>ἦν</span> <span class='ocrx_word' id='word_1_367' title='bbox 1023 4753 1200 4808; x_wconf 88' lang='grc' dir='ltr'>πάντα</span> <span class='ocrx_word' id='word_1_368' title='bbox 1233 4754 1428 4809; x_wconf 87' lang='grc' dir='ltr'>παθεῖν</span> <span class='ocrx_word' id='word_1_369' title='bbox 1455 4755 1595 4827; x_wconf 81' lang='grc' dir='ltr'>ὑπὲρ</span> <span class='ocrx_word' id='word_1_370' title='bbox 1621 4755 1715 4809; x_wconf 91' lang='grc' dir='ltr'>τοῦ</span> <span class='ocrx_word' id='word_1_371' title='bbox 1745 4755 2039 4828; x_wconf 82' lang='grc' dir='ltr'>διορθῶσαι</span> 
     </span>
    </p>
   </div>
   <div class='ocr_carea' id='block_1_50' title="bbox 454 4850 2041 4923">
    <p class='ocr_par' dir='ltr' id='par_1_50' title="bbox 454 4850 2041 4923">
     <span class='ocr_line' id='line_1_50' title="bbox 454 4850 2041 4923; baseline 0 -19"><span class='ocrx_word' id='word_1_372' title='bbox 454 4851 633 4904; x_wconf 84' lang='grc' dir='ltr'>πάντα</span> <span class='ocrx_word' id='word_1_373' title='bbox 659 4851 728 4903; x_wconf 85' lang='grc' dir='ltr'>τά</span> <span class='ocrx_word' id='word_1_374' title='bbox 758 4850 942 4914; x_wconf 91' lang='grc' dir='ltr'>κακῶς</span> <span class='ocrx_word' id='word_1_375' title='bbox 962 4850 1321 4922; x_wconf 86' lang='grc' dir='ltr'>τολμηθέντα.</span> <span class='ocrx_word' id='word_1_376' title='bbox 1347 4850 1421 4903; x_wconf 84' lang='grc' dir='ltr'>Τὸ</span> <span class='ocrx_word' id='word_1_377' title='bbox 1450 4850 1611 4922; x_wconf 82' lang='grc' dir='ltr'>σῶμα</span> <span class='ocrx_word' id='word_1_378' title='bbox 1634 4853 1768 4923; x_wconf 89' lang='grc' dir='ltr'>ἡμῖν</span> <span class='ocrx_word' id='word_1_379' title='bbox 1795 4853 1853 4904; x_wconf 92' lang='grc' dir='ltr'>ἐν</span> <span class='ocrx_word' id='word_1_380' title='bbox 1881 4852 2041 4922; x_wconf 71' lang='grc' dir='ltr'>ὑγεία</span> 
     </span>
    </p>
   </div>
   <div class='ocr_carea' id='block_1_51' title="bbox 454 4940 2037 5014">
    <p class='ocr_par' dir='ltr' id='par_1_51' title="bbox 454 4940 2037 5014">
     <span class='ocr_line' id='line_1_51' title="bbox 454 4940 2037 5014; baseline 0.001 -20"><span class='ocrx_word' id='word_1_381' title='bbox 454 4941 648 5012; x_wconf 75' lang='grc' dir='ltr'>πολλῇ,</span> <span class='ocrx_word' id='word_1_382' title='bbox 683 4942 780 4994; x_wconf 77' lang='grc' dir='ltr'>καὶ</span> <span class='ocrx_word' id='word_1_383' title='bbox 812 4943 880 4994; x_wconf 82' lang='grc' dir='ltr'>τά</span> <span class='ocrx_word' id='word_1_384' title='bbox 918 4940 1148 5012; x_wconf 73' lang='grc' dir='ltr'>λείψανα</span> <span class='ocrx_word' id='word_1_385' title='bbox 1189 4941 1287 5012; x_wconf 86' lang='grc' dir='ltr'>τῆς</span> <span class='ocrx_word' id='word_1_386' title='bbox 1333 4940 1644 5014; x_wconf 75' lang='grc' dir='ltr'>ἀρρωστίας</span> <span class='ocrx_word' id='word_1_387' title='bbox 1682 4941 2037 5012; x_wconf 81' lang='grc' dir='ltr'>ἀπεθέμεθα·</span> 
     </span>
    </p>
   </div>
   <div class='ocr_carea' id='block_1_52' title="bbox 451 5032 2038 5106">
    <p class='ocr_par' dir='ltr' id='par_1_52' title="bbox 451 5032 2038 5106">
     <span class='ocr_line' id='line_1_52' title="bbox 451 5032 2038 5106; baseline 0.001 -22"><span class='ocrx_word' id='word_1_388' title='bbox 451 5032 580 5086; x_wconf 82' lang='grc' dir='ltr'>ὅταν</span> <span class='ocrx_word' id='word_1_389' title='bbox 623 5032 680 5084; x_wconf 90' lang='grc' dir='ltr'>δέ</span> <span class='ocrx_word' id='word_1_390' title='bbox 725 5033 1090 5104; x_wconf 83' lang='grc' dir='ltr'>ἐννοήσωμεν,</span> <span class='ocrx_word' id='word_1_391' title='bbox 1134 5034 1217 5087; x_wconf 84' lang='grc' dir='ltr'>ὅτι</span> <span class='ocrx_word' id='word_1_392' title='bbox 1276 5033 1357 5086; x_wconf 86' lang='grc' dir='ltr'>σοὶ</span> <span class='ocrx_word' id='word_1_393' title='bbox 1413 5032 1508 5086; x_wconf 77' lang='grc' dir='ltr'>καὶ</span> <span class='ocrx_word' id='word_1_394' title='bbox 1561 5034 1718 5088; x_wconf 89' lang='grc' dir='ltr'>τοῦτο</span> <span class='ocrx_word' id='word_1_395' title='bbox 1765 5033 2038 5106; x_wconf 74' lang='grc' dir='ltr'>φροντίςιι</span> 
     </span>
    </p>
   </div>
   <div class='ocr_carea' id='block_1_53' title="bbox 452 5126 2040 5198">
    <p class='ocr_par' dir='ltr' id='par_1_53' title="bbox 452 5126 2040 5198">
     <span class='ocr_line' id='line_1_53' title="bbox 452 5126 2040 5198; baseline 0.001 -20"><span class='ocrx_word' id='word_1_396' title='bbox 452 5127 623 5189; x_wconf 85' lang='grc' dir='ltr'>ἐστιν,</span> <span class='ocrx_word' id='word_1_397' title='bbox 669 5126 729 5178; x_wconf 90' lang='grc' dir='ltr'>οὐ</span> <span class='ocrx_word' id='word_1_398' title='bbox 773 5127 942 5197; x_wconf 88' lang='grc' dir='ltr'>μικρά</span> <span class='ocrx_word' id='word_1_399' title='bbox 993 5129 1086 5181; x_wconf 78' lang='grc' dir='ltr'>καὶ</span> <span class='ocrx_word' id='word_1_400' title='bbox 1135 5128 1296 5182; x_wconf 92' lang='grc' dir='ltr'>τοῦτο</span> <span class='ocrx_word' id='word_1_401' title='bbox 1350 5127 1537 5196; x_wconf 84' lang='grc' dir='ltr'>ὑγείας</span> <span class='ocrx_word' id='word_1_402' title='bbox 1594 5129 1729 5198; x_wconf 82' lang='grc' dir='ltr'>ἡμῖν</span> <span class='ocrx_word' id='word_1_403' title='bbox 1780 5127 2040 5191; x_wconf 88' lang='grc' dir='ltr'>ὑπόθεσις</span> 
     </span>
    </p>
   </div>
   <div class='ocr_carea' id='block_1_54' title="bbox 452 5217 2039 5291">
    <p class='ocr_par' dir='ltr' id='par_1_54' title="bbox 452 5217 2039 5291">
     <span class='ocr_line' id='line_1_54' title="bbox 452 5217 2039 5291; baseline 0.003 -21"><span class='ocrx_word' id='word_1_404' title='bbox 452 5219 682 5285; x_wconf 89' lang='grc' dir='ltr'>γίνεται,</span> <span class='ocrx_word' id='word_1_405' title='bbox 714 5220 797 5271; x_wconf 82' lang='grc' dir='ltr'>ὅτι</span> <span class='ocrx_word' id='word_1_406' title='bbox 847 5217 989 5271; x_wconf 75' lang='grc' dir='ltr'>οὑτω</span> <span class='ocrx_word' id='word_1_407' title='bbox 1025 5219 1251 5291; x_wconf 84' lang='grc' dir='ltr'>σφοδρὸν</span> <span class='ocrx_word' id='word_1_408' title='bbox 1284 5219 1480 5290; x_wconf 78' lang='grc' dir='ltr'>ἔχομεν</span> <span class='ocrx_word' id='word_1_409' title='bbox 1509 5222 1763 5291; x_wconf 87' lang='grc' dir='ltr'>ἐραστήν.</span> <span class='ocrx_word' id='word_1_410' title='bbox 1807 5221 1864 5272; x_wconf 87' lang='grc' dir='ltr'>Ὀ</span> <span class='ocrx_word' id='word_1_411' title='bbox 1905 5221 2039 5284; x_wconf 88' lang='grc' dir='ltr'>Θεός</span> 
     </span>
    </p>
   </div>
   <div class='ocr_carea' id='block_1_55' title="bbox 454 5309 2035 5382">
    <p class='ocr_par' dir='ltr' id='par_1_55' title="bbox 454 5309 2035 5382">
     <span class='ocr_line' id='line_1_55' title="bbox 454 5309 2035 5382; baseline 0.002 -21"><span class='ocrx_word' id='word_1_412' title='bbox 454 5326 536 5362; x_wconf 91' lang='grc' dir='ltr'>σοι</span> <span class='ocrx_word' id='word_1_413' title='bbox 565 5310 662 5380; x_wconf 80' lang='grc' dir='ltr'>τῆς</span> <span class='ocrx_word' id='word_1_414' title='bbox 701 5309 958 5380; x_wconf 80' lang='grc' dir='ltr'>τοιαύτης</span> <span class='ocrx_word' id='word_1_415' title='bbox 999 5311 1257 5381; x_wconf 80' lang='grc' dir='ltr'>σπουδῆς,</span> <span class='ocrx_word' id='word_1_416' title='bbox 1296 5311 1397 5382; x_wconf 87' lang='grc' dir='ltr'>τῆς</span> <span class='ocrx_word' id='word_1_417' title='bbox 1435 5311 1687 5382; x_wconf 84' lang='grc' dir='ltr'>ἀγάπης,</span> <span class='ocrx_word' id='word_1_418' title='bbox 1723 5310 1816 5364; x_wconf 93' lang='grc' dir='ltr'>τοῦ</span> <span class='ocrx_word' id='word_1_419' title='bbox 1848 5311 2035 5382; x_wconf 78' lang='grc' dir='ltr'>ζήλου,</span> 
     </span>
    </p>
   </div>
   <div class='ocr_carea' id='block_1_56' title="bbox 450 5401 2034 5477">
    <p class='ocr_par' dir='ltr' id='par_1_56' title="bbox 450 5401 2034 5477">
     <span class='ocr_line' id='line_1_56' title="bbox 450 5401 2034 5477; baseline 0.003 -24"><span class='ocrx_word' id='word_1_420' title='bbox 450 5404 551 5472; x_wconf 79' lang='grc' dir='ltr'>τῆς</span> <span class='ocrx_word' id='word_1_421' title='bbox 583 5403 892 5474; x_wconf 88' lang='grc' dir='ltr'>ἀγρυπνίας</span> <span class='ocrx_word' id='word_1_422' title='bbox 921 5401 996 5473; x_wconf 83' lang='grc' dir='ltr'>δῷ</span> <span class='ocrx_word' id='word_1_423' title='bbox 1030 5401 1120 5455; x_wconf 84' lang='grc' dir='ltr'>τὸν</span> <span class='ocrx_word' id='word_1_424' title='bbox 1151 5402 1362 5473; x_wconf 78' lang='grc' dir='ltr'>μισθὸν,</span> <span class='ocrx_word' id='word_1_425' title='bbox 1400 5404 1504 5456; x_wconf 89' lang='grc' dir='ltr'>κάν</span> <span class='ocrx_word' id='word_1_426' title='bbox 1534 5404 1610 5474; x_wconf 84' lang='grc' dir='ltr'>τῷ</span> <span class='ocrx_word' id='word_1_427' title='bbox 1649 5403 1882 5476; x_wconf 90' lang='grc' dir='ltr'>παρόντι</span> <span class='ocrx_word' id='word_1_428' title='bbox 1914 5406 2034 5477; x_wconf 85' lang='grc' dir='ltr'>βίῳ,</span> 
     </span>
    </p>
   </div>
   <div class='ocr_carea' id='block_1_57' title="bbox 452 5493 2038 5570">
    <p class='ocr_par' dir='ltr' id='par_1_57' title="bbox 452 5493 2038 5570">
     <span class='ocr_line' id='line_1_57' title="bbox 452 5493 2038 5570; baseline 0 -21"><span class='ocrx_word' id='word_1_429' title='bbox 452 5497 556 5549; x_wconf 88' lang='grc' dir='ltr'>κάν</span> <span class='ocrx_word' id='word_1_430' title='bbox 600 5495 680 5566; x_wconf 83' lang='grc' dir='ltr'>τῷ</span> <span class='ocrx_word' id='word_1_431' title='bbox 716 5494 965 5566; x_wconf 89' lang='grc' dir='ltr'>μέλλοντι</span> <span class='ocrx_word' id='word_1_432' title='bbox 1004 5493 1184 5560; x_wconf 87' lang='grc' dir='ltr'>αίῶνι,</span> <span class='ocrx_word' id='word_1_433' title='bbox 1230 5496 1324 5548; x_wconf 66' lang='grc' dir='ltr'>καὶ</span> <span class='ocrx_word' id='word_1_434' title='bbox 1353 5496 1635 5564; x_wconf 83' lang='grc' dir='ltr'>τειχίσειε,</span> <span class='ocrx_word' id='word_1_435' title='bbox 1664 5497 1760 5549; x_wconf 77' lang='grc' dir='ltr'>καὶ</span> <span class='ocrx_word' id='word_1_436' title='bbox 1795 5499 2038 5570; x_wconf 86' lang='grc' dir='ltr'>φρουρή-</span> 
     </span>
    </p>
   </div>
   <div class='ocr_carea' id='block_1_58' title="bbox 455 5585 2036 5661">
    <p class='ocr_par' dir='ltr' id='par_1_58' title="bbox 455 5585 2036 5661">
     <span class='ocr_line' id='line_1_58' title="bbox 455 5585 2036 5661; baseline 0.004 -25"><span class='ocrx_word' id='word_1_437' title='bbox 455 5601 594 5652; x_wconf 84' lang='grc' dir='ltr'>σειε,</span> <span class='ocrx_word' id='word_1_438' title='bbox 617 5589 713 5640; x_wconf 72' lang='grc' dir='ltr'>καὶ</span> <span class='ocrx_word' id='word_1_439' title='bbox 752 5585 1134 5657; x_wconf 83' lang='grc' dir='ltr'>ἀσφαλίσαιτο,</span> <span class='ocrx_word' id='word_1_440' title='bbox 1184 5588 1278 5640; x_wconf 70' lang='grc' dir='ltr'>καὶ</span> <span class='ocrx_word' id='word_1_441' title='bbox 1327 5587 1681 5652; x_wconf 81' lang='grc' dir='ltr'>καταξιώσειε</span> <span class='ocrx_word' id='word_1_442' title='bbox 1719 5588 1828 5644; x_wconf 89' lang='grc' dir='ltr'>τῶν</span> <span class='ocrx_word' id='word_1_443' title='bbox 1866 5591 2036 5661; x_wconf 78' lang='grc' dir='ltr'>ἀπορ-</span> 
     </span>
    </p>
   </div>
   <div class='ocr_carea' id='block_1_59' title="bbox 512 5753 1739 5845">
    <p class='ocr_par' dir='ltr' id='par_1_59' title="bbox 512 5753 1739 5845">
     <span class='ocr_line' id='line_1_59' title="bbox 512 5753 1739 5845; baseline 0.003 -43"><span class='ocrx_word' id='word_1_444' title='bbox 512 5753 544 5845; x_wconf 61' lang='lat'>;</span> <span class='ocrx_word' id='word_1_445' title='bbox 564 5755 817 5845; x_wconf 39' lang='lat' dir='ltr'>Ritoimss:</span> <span class='ocrx_word' id='word_1_446' title='bbox 847 5758 989 5817; x_wconf 79' lang='grc' dir='ltr'>μηδὲν</span> <span class='ocrx_word' id='word_1_447' title='bbox 1006 5756 1185 5834; x_wconf 73' lang='grc' dir='ltr'>τούτων</span> <span class='ocrx_word' id='word_1_448' title='bbox 1206 5760 1532 5832; x_wconf 55' lang='grc' dir='ltr'>κινήσῃςπρὸς</span> <span class='ocrx_word' id='word_1_449' title='bbox 1554 5761 1739 5818; x_wconf 86' lang='grc' dir='ltr'>αὑτούς.</span> 
     </span>
    </p>
   </div>
   <div class='ocr_carea' id='block_1_60' title="bbox 563 5814 1415 5884">
    <p class='ocr_par' dir='ltr' id='par_1_60' title="bbox 563 5814 1415 5884">
     <span class='ocr_line' id='line_1_60' title="bbox 563 5814 1415 5884; baseline 0 -17"><span class='ocrx_word' id='word_1_450' title='bbox 563 5814 711 5868; x_wconf 68' lang='grc'>00181.</span> <span class='ocrx_word' id='word_1_451' title='bbox 737 5814 907 5867; x_wconf 79' lang='grc' dir='ltr'>τούτου</span> <span class='ocrx_word' id='word_1_452' title='bbox 932 5821 1130 5884; x_wconf 72' lang='grc' dir='ltr'>φροντίς.</span> <span class='ocrx_word' id='word_1_453' title='bbox 1301 5814 1308 5819; x_wconf 61' lang='grc'><strong>⁷</strong></span> <span class='ocrx_word' id='word_1_454' title='bbox 1356 5814 1373 5823; x_wconf 81' lang='grc'>”</span> <span class='ocrx_word' id='word_1_455' title='bbox 1390 5814 1415 5832; x_wconf 72' lang='grc'>’“</span> 
     </span>
    </p>
   </div>
   <div class='ocr_carea' id='block_1_61' title="bbox 1138 338 3735 404">
    <p class='ocr_par' dir='ltr' id='par_1_61' title="bbox 1138 338 3735 404">
     <span class='ocr_line' id='line_1_61' title="bbox 1138 338 3735 404; baseline 0.004 -11"><span class='ocrx_word' id='word_1_456' title='bbox 1138 341 1193 394; x_wconf 87' lang='lat' dir='ltr'>S.</span> <span class='ocrx_word' id='word_1_457' title='bbox 1240 340 1527 397; x_wconf 72' lang='lat' dir='ltr'>JOANNIS</span> <span class='ocrx_word' id='word_1_458' title='bbox 1563 339 2053 399; x_wconf 74' lang='lat' dir='ltr'>CIIRYSUSTOMI</span> <span class='ocrx_word' id='word_1_459' title='bbox 2094 341 2412 398; x_wconf 77' lang='lat' dir='ltr'>ARCHIEP.</span> <span class='ocrx_word' id='word_1_460' title='bbox 2456 344 2997 404; x_wconf 74' lang='lat' dir='ltr'>CONSTANTINOP.</span> <span class='ocrx_word' id='word_1_461' title='bbox 3635 338 3735 394; x_wconf 64' lang='lat'>79-3</span> 
     </span>
    </p>
   </div>
   <div class='ocr_carea' id='block_1_62' title="bbox 2159 449 3730 522">
    <p class='ocr_par' dir='ltr' id='par_1_62' title="bbox 2159 449 3730 522">
     <span class='ocr_line' id='line_1_62' title="bbox 2159 449 3730 522; baseline -0.004 -15"><span class='ocrx_word' id='word_1_462' title='bbox 2159 455 2339 522; x_wconf 74' lang='grc' dir='ltr'>ρήτων</span> <span class='ocrx_word' id='word_1_463' title='bbox 2372 453 2595 506; x_wconf 87' lang='grc' dir='ltr'>ἐκείνων</span> <span class='ocrx_word' id='word_1_464' title='bbox 2637 449 2876 519; x_wconf 87' lang='grc' dir='ltr'>ἀγαθῶν.</span> <span class='ocrx_word' id='word_1_465' title='bbox 2911 449 3038 520; x_wconf 90' lang='grc' dir='ltr'>Δοίη</span> <span class='ocrx_word' id='word_1_466' title='bbox 3077 449 3134 502; x_wconf 82' lang='grc' dir='ltr'>δὲ</span> <span class='ocrx_word' id='word_1_467' title='bbox 3181 449 3271 502; x_wconf 83' lang='grc' dir='ltr'>καί</span> <span class='ocrx_word' id='word_1_468' title='bbox 3307 450 3441 520; x_wconf 86' lang='grc' dir='ltr'>ἡμῖν</span> <span class='ocrx_word' id='word_1_469' title='bbox 3471 449 3682 520; x_wconf 90' lang='grc' dir='ltr'>ταχέως</span> <span class='ocrx_word' id='word_1_470' title='bbox 3710 467 3730 494; x_wconf 79' lang='lat' dir='ltr'><strong>c</strong></span> 
     </span>
    </p>
   </div>
   <div class='ocr_carea' id='block_1_63' title="bbox 2160 541 3732 612">
    <p class='ocr_par' dir='ltr' id='par_1_63' title="bbox 2160 541 3732 612">
     <span class='ocr_line' id='line_1_63' title="bbox 2160 541 3732 612; baseline -0.004 -13"><span class='ocrx_word' id='word_1_471' title='bbox 2160 547 2287 598; x_wconf 84' lang='grc' dir='ltr'>ίδεῖν</span> <span class='ocrx_word' id='word_1_472' title='bbox 2327 563 2420 599; x_wconf 89' lang='grc' dir='ltr'>σου</span> <span class='ocrx_word' id='word_1_473' title='bbox 2457 545 2518 598; x_wconf 80' lang='grc' dir='ltr'>τὸ</span> <span class='ocrx_word' id='word_1_474' title='bbox 2545 543 2794 596; x_wconf 83' lang='grc' dir='ltr'>ποθεινὸν</span> <span class='ocrx_word' id='word_1_475' title='bbox 2819 541 3132 612; x_wconf 85' lang='grc' dir='ltr'>πρόσωπον,</span> <span class='ocrx_word' id='word_1_476' title='bbox 3165 541 3470 594; x_wconf 88' lang='grc' dir='ltr'>ἀπολαῦσαί</span> <span class='ocrx_word' id='word_1_477' title='bbox 3505 557 3604 593; x_wconf 92' lang='grc' dir='ltr'>σου</span> <span class='ocrx_word' id='word_1_478' title='bbox 3642 543 3732 612; x_wconf 78' lang='grc' dir='ltr'>τῆς</span> 
     </span>
    </p>
   </div>
   <div class='ocr_carea' id='block_1_64' title="bbox 2155 630 3737 706">
    <p class='ocr_par' dir='ltr' id='par_1_64' title="bbox 2155 630 3737 706">
     <span class='ocr_line' id='line_1_64' title="bbox 2155 630 3737 706; baseline -0.001 -17"><span class='ocrx_word' id='word_1_479' title='bbox 2155 637 2416 706; x_wconf 88' lang='grc' dir='ltr'>γλυκείας</span> <span class='ocrx_word' id='word_1_480' title='bbox 2455 635 2652 705; x_wconf 65' lang='grc' dir='ltr'>ψυχῆς,</span> <span class='ocrx_word' id='word_1_481' title='bbox 2693 633 2788 686; x_wconf 73' lang='grc' dir='ltr'>καὶ</span> <span class='ocrx_word' id='word_1_482' title='bbox 2824 634 2924 705; x_wconf 80' lang='grc' dir='ltr'>τὴν</span> <span class='ocrx_word' id='word_1_483' title='bbox 2963 630 3254 700; x_wconf 84' lang='grc' dir='ltr'>καλλίστην</span> <span class='ocrx_word' id='word_1_484' title='bbox 3297 631 3502 702; x_wconf 90' lang='grc' dir='ltr'>ταύτην</span> <span class='ocrx_word' id='word_1_485' title='bbox 3544 633 3737 702; x_wconf 81' lang='grc' dir='ltr'>ἑορτὴν</span> 
     </span>
    </p>
   </div>
   <div class='ocr_carea' id='block_1_65' title="bbox 2156 722 3737 798">
    <p class='ocr_par' dir='ltr' id='par_1_65' title="bbox 2156 722 3737 798">
     <span class='ocr_line' id='line_1_65' title="bbox 2156 722 3737 798; baseline -0.003 -16"><span class='ocrx_word' id='word_1_486' title='bbox 2156 729 2404 798; x_wconf 88' lang='grc' dir='ltr'>ἀγαγεῖν.</span> <span class='ocrx_word' id='word_1_487' title='bbox 2449 722 2623 780; x_wconf 79' lang='grc' dir='ltr'>Οἶσθα</span> <span class='ocrx_word' id='word_1_488' title='bbox 2654 724 2764 796; x_wconf 79' lang='grc' dir='ltr'>γὰρ</span> <span class='ocrx_word' id='word_1_489' title='bbox 2807 725 2889 778; x_wconf 80' lang='grc' dir='ltr'>ὅτι</span> <span class='ocrx_word' id='word_1_490' title='bbox 2940 724 3035 777; x_wconf 69' lang='grc' dir='ltr'>καὶ</span> <span class='ocrx_word' id='word_1_491' title='bbox 3077 723 3238 795; x_wconf 78' lang='grc' dir='ltr'>ἑορτὴ</span> <span class='ocrx_word' id='word_1_492' title='bbox 3279 726 3411 793; x_wconf 87' lang='grc' dir='ltr'>ἡμῖν</span> <span class='ocrx_word' id='word_1_493' title='bbox 3459 723 3556 776; x_wconf 74' lang='grc' dir='ltr'>καὶ</span> <span class='ocrx_word' id='word_1_494' title='bbox 3601 739 3737 778; x_wconf 84' lang='grc' dir='ltr'>παν-</span> 
     </span>
    </p>
   </div>
   <div class='ocr_carea' id='block_1_66' title="bbox 2156 813 3737 889">
    <p class='ocr_par' dir='ltr' id='par_1_66' title="bbox 2156 813 3737 889">
     <span class='ocr_line' id='line_1_66' title="bbox 2156 813 3737 889; baseline -0.002 -18"><span class='ocrx_word' id='word_1_495' title='bbox 2156 819 2354 889; x_wconf 84' lang='grc' dir='ltr'>ήγυρις</span> <span class='ocrx_word' id='word_1_496' title='bbox 2399 817 2459 871; x_wconf 83' lang='grc' dir='ltr'>τὸ</span> <span class='ocrx_word' id='word_1_497' title='bbox 2513 815 2919 885; x_wconf 76' lang='grc' dir='ltr'>καταξιωθῆναι</span> <span class='ocrx_word' id='word_1_498' title='bbox 2962 815 3062 886; x_wconf 90' lang='grc' dir='ltr'>τῆς</span> <span class='ocrx_word' id='word_1_499' title='bbox 3106 815 3326 886; x_wconf 85' lang='grc' dir='ltr'>ἡδίστης</span> <span class='ocrx_word' id='word_1_500' title='bbox 3375 816 3472 868; x_wconf 74' lang='grc' dir='ltr'>καὶ</span> <span class='ocrx_word' id='word_1_501' title='bbox 3527 813 3737 868; x_wconf 85' lang='grc' dir='ltr'>πολλῶν</span> 
     </span>
    </p>
   </div>
   <div class='ocr_carea' id='block_1_67' title="bbox 2156 907 3737 981">
    <p class='ocr_par' dir='ltr' id='par_1_67' title="bbox 2156 907 3737 981">
     <span class='ocr_line' id='line_1_67' title="bbox 2156 907 3737 981; baseline -0.003 -16"><span class='ocrx_word' id='word_1_502' title='bbox 2156 911 2378 980; x_wconf 89' lang='grc' dir='ltr'>ἀγαθῶν</span> <span class='ocrx_word' id='word_1_503' title='bbox 2423 909 2698 981; x_wconf 80' lang='grc' dir='ltr'>γεμούσης</span> <span class='ocrx_word' id='word_1_504' title='bbox 2737 907 3023 973; x_wconf 83' lang='grc' dir='ltr'>συνουσίας</span> <span class='ocrx_word' id='word_1_505' title='bbox 3059 925 3174 975; x_wconf 89' lang='grc' dir='ltr'>σου,</span> <span class='ocrx_word' id='word_1_506' title='bbox 3219 909 3315 962; x_wconf 73' lang='grc' dir='ltr'>καὶ</span> <span class='ocrx_word' id='word_1_507' title='bbox 3357 908 3564 980; x_wconf 80' lang='grc' dir='ltr'>ταύτης</span> <span class='ocrx_word' id='word_1_508' title='bbox 3613 909 3737 962; x_wconf 84' lang='grc' dir='ltr'>ἀπο-</span> 
     </span>
    </p>
   </div>
   <div class='ocr_carea' id='block_1_68' title="bbox 2153 1003 2570 1058">
    <p class='ocr_par' dir='ltr' id='par_1_68' title="bbox 2153 1003 2570 1058">
     <span class='ocr_line' id='line_1_68' title="bbox 2153 1003 2570 1058; baseline 0.005 -2"><span class='ocrx_word' id='word_1_509' title='bbox 2153 1003 2253 1056; x_wconf 87' lang='grc' dir='ltr'>λαῦ</span> <span class='ocrx_word' id='word_1_510' title='bbox 2262 1021 2348 1057; x_wconf 88' lang='grc' dir='ltr'>σαι</span> <span class='ocrx_word' id='word_1_511' title='bbox 2383 1004 2570 1058; x_wconf 82' lang='grc' dir='ltr'>πάλιν.</span> 
     </span>
    </p>
   </div>
   <div class='ocr_carea' id='block_1_69' title="bbox 2399 1140 3366 1218">
    <p class='ocr_par' dir='ltr' id='par_1_69' title="bbox 2399 1140 3366 1218">
     <span class='ocr_line' id='line_1_69' title="bbox 2399 1140 3366 1218; baseline -0.006 -12"><span class='ocrx_word' id='word_1_512' title='bbox 2399 1140 2420 1150; x_wconf 63' lang='grc'><em>’</em></span> <span class='ocrx_word' id='word_1_513' title='bbox 2520 1153 2651 1205; x_wconf 85' lang='grc' dir='ltr'>ΣΕ’.</span> <span class='ocrx_word' id='word_1_514' title='bbox 2702 1148 3016 1214; x_wconf 79' lang='grc' dir='ltr'>Ἀνατολίῳ</span> <span class='ocrx_word' id='word_1_515' title='bbox 3046 1145 3366 1218; x_wconf 77' lang='grc' dir='ltr'>ἐπαρχικῷ.</span> 
     </span>
    </p>
   </div>
   <div class='ocr_carea' id='block_1_70' title="bbox 2237 1293 3739 1368">
    <p class='ocr_par' dir='ltr' id='par_1_70' title="bbox 2237 1293 3739 1368">
     <span class='ocr_line' id='line_1_70' title="bbox 2237 1293 3739 1368; baseline -0.001 -18"><span class='ocrx_word' id='word_1_516' title='bbox 2237 1295 2364 1366; x_wconf 81' lang='grc' dir='ltr'>Ὀψέ</span> <span class='ocrx_word' id='word_1_517' title='bbox 2398 1295 2497 1368; x_wconf 91' lang='grc' dir='ltr'>μέν</span> <span class='ocrx_word' id='word_1_518' title='bbox 2524 1294 2822 1349; x_wconf 86' lang='grc' dir='ltr'>ἐπιστέλλω</span> <span class='ocrx_word' id='word_1_519' title='bbox 2850 1295 2944 1348; x_wconf 73' lang='grc' dir='ltr'>καὶ</span> <span class='ocrx_word' id='word_1_520' title='bbox 2975 1293 3180 1366; x_wconf 81' lang='grc' dir='ltr'>βραχέα</span> <span class='ocrx_word' id='word_1_521' title='bbox 3202 1293 3253 1358; x_wconf 71' lang='grc' dir='ltr'>ἀ,</span> <span class='ocrx_word' id='word_1_522' title='bbox 3292 1293 3494 1366; x_wconf 81' lang='grc' dir='ltr'>μᾶλλον</span> <span class='ocrx_word' id='word_1_523' title='bbox 3523 1293 3582 1348; x_wconf 86' lang='grc' dir='ltr'>δέ</span> <span class='ocrx_word' id='word_1_524' title='bbox 3615 1295 3739 1367; x_wconf 84' lang='grc' dir='ltr'>βρα-</span> 
     </span>
    </p>
   </div>
   <div class='ocr_carea' id='block_1_71' title="bbox 2156 1386 3734 1460">
    <p class='ocr_par' dir='ltr' id='par_1_71' title="bbox 2156 1386 3734 1460">
     <span class='ocr_line' id='line_1_71' title="bbox 2156 1386 3734 1460; baseline -0.001 -18"><span class='ocrx_word' id='word_1_525' title='bbox 2156 1387 2313 1453; x_wconf 84' lang='grc' dir='ltr'>δέως,</span> <span class='ocrx_word' id='word_1_526' title='bbox 2339 1389 2476 1460; x_wconf 77' lang='grc' dir='ltr'>πρὸς</span> <span class='ocrx_word' id='word_1_527' title='bbox 2500 1388 2600 1458; x_wconf 80' lang='grc' dir='ltr'>τὴν</span> <span class='ocrx_word' id='word_1_528' title='bbox 2632 1388 2731 1458; x_wconf 84' lang='grc' dir='ltr'>σὴν</span> <span class='ocrx_word' id='word_1_529' title='bbox 2760 1387 3045 1455; x_wconf 89' lang='grc' dir='ltr'>εὐγένειαν</span> <span class='ocrx_word' id='word_1_530' title='bbox 3064 1403 3078 1417; x_wconf 86' lang='grc'>·</span> <span class='ocrx_word' id='word_1_531' title='bbox 3103 1386 3242 1457; x_wconf 84' lang='grc' dir='ltr'>πλὴν</span> <span class='ocrx_word' id='word_1_532' title='bbox 3267 1386 3381 1440; x_wconf 81' lang='grc' dir='ltr'>ἀλλ’</span> <span class='ocrx_word' id='word_1_533' title='bbox 3403 1387 3466 1440; x_wconf 87' lang='grc' dir='ltr'>οὐ</span> <span class='ocrx_word' id='word_1_534' title='bbox 3495 1388 3734 1458; x_wconf 75' lang='grc' dir='ltr'>ῥᾳθυμία</span> 
     </span>
    </p>
   </div>
   <div class='ocr_carea' id='block_1_72' title="bbox 2153 1479 3731 1553">
    <p class='ocr_par' dir='ltr' id='par_1_72' title="bbox 2153 1479 3731 1553">
     <span class='ocr_line' id='line_1_72' title="bbox 2153 1479 3731 1553; baseline -0.002 -19"><span class='ocrx_word' id='word_1_535' title='bbox 2153 1481 2251 1552; x_wconf 82' lang='grc' dir='ltr'>τήν</span> <span class='ocrx_word' id='word_1_536' title='bbox 2281 1481 2438 1552; x_wconf 84' lang='grc' dir='ltr'>σιγὴν</span> <span class='ocrx_word' id='word_1_537' title='bbox 2481 1482 2794 1553; x_wconf 91' lang='grc' dir='ltr'>είργάσατο,</span> <span class='ocrx_word' id='word_1_538' title='bbox 2842 1479 2957 1534; x_wconf 82' lang='grc' dir='ltr'>ἀλλ’</span> <span class='ocrx_word' id='word_1_539' title='bbox 2993 1479 3274 1552; x_wconf 76' lang='grc' dir='ltr'>ἀρρωστία</span> <span class='ocrx_word' id='word_1_540' title='bbox 3304 1479 3521 1550; x_wconf 85' lang='grc' dir='ltr'>μακρά·</span> <span class='ocrx_word' id='word_1_541' title='bbox 3564 1479 3639 1542; x_wconf 87' lang='grc' dir='ltr'>ὡς</span> <span class='ocrx_word' id='word_1_542' title='bbox 3669 1483 3731 1551; x_wconf 72' lang='grc' dir='ltr'>τῇ</span> 
     </span>
    </p>
   </div>
   <div class='ocr_carea' id='block_1_73' title="bbox 2153 1571 3728 1646">
    <p class='ocr_par' dir='ltr' id='par_1_73' title="bbox 2153 1571 3728 1646">
     <span class='ocr_line' id='line_1_73' title="bbox 2153 1571 3728 1646; baseline -0.002 -19"><span class='ocrx_word' id='word_1_543' title='bbox 2153 1591 2216 1643; x_wconf 88' lang='grc' dir='ltr'>γε</span> <span class='ocrx_word' id='word_1_544' title='bbox 2249 1575 2442 1646; x_wconf 88' lang='grc' dir='ltr'>ἀγάπῃ</span> <span class='ocrx_word' id='word_1_545' title='bbox 2469 1573 2732 1646; x_wconf 88' lang='grc' dir='ltr'>διηνεκῶς</span> <span class='ocrx_word' id='word_1_546' title='bbox 2756 1572 3132 1643; x_wconf 84' lang='grc' dir='ltr'>συνδεδέμεθα,</span> <span class='ocrx_word' id='word_1_547' title='bbox 3164 1571 3230 1625; x_wconf 76' lang='grc' dir='ltr'>τὸ</span> <span class='ocrx_word' id='word_1_548' title='bbox 3259 1571 3482 1642; x_wconf 82' lang='grc' dir='ltr'>γνήσιόν</span> <span class='ocrx_word' id='word_1_549' title='bbox 3512 1588 3606 1624; x_wconf 85' lang='grc' dir='ltr'>σου</span> <span class='ocrx_word' id='word_1_550' title='bbox 3635 1572 3728 1642; x_wconf 77' lang='grc' dir='ltr'>τῆς</span> 
     </span>
    </p>
   </div>
   <div class='ocr_carea' id='block_1_74' title="bbox 2153 1663 3733 1737">
    <p class='ocr_par' dir='ltr' id='par_1_74' title="bbox 2153 1663 3733 1737">
     <span class='ocr_line' id='line_1_74' title="bbox 2153 1663 3733 1737; baseline -0.003 -17"><span class='ocrx_word' id='word_1_551' title='bbox 2153 1667 2374 1737; x_wconf 81' lang='grc' dir='ltr'>ἀγάπης</span> <span class='ocrx_word' id='word_1_552' title='bbox 2399 1665 2616 1730; x_wconf 85' lang='grc' dir='ltr'>εἰδότες,</span> <span class='ocrx_word' id='word_1_553' title='bbox 2646 1665 2706 1718; x_wconf 85' lang='grc' dir='ltr'>τὸ</span> <span class='ocrx_word' id='word_1_554' title='bbox 2737 1665 3040 1736; x_wconf 84' lang='grc' dir='ltr'>ἐλευθέριον</span> <span class='ocrx_word' id='word_1_555' title='bbox 3066 1665 3165 1735; x_wconf 87' lang='grc' dir='ltr'>τῆς</span> <span class='ocrx_word' id='word_1_556' title='bbox 3196 1663 3440 1735; x_wconf 82' lang='grc' dir='ltr'>γνώμης,</span> <span class='ocrx_word' id='word_1_557' title='bbox 3472 1663 3534 1716; x_wconf 72' lang='grc' dir='ltr'>τὸ</span> <span class='ocrx_word' id='word_1_558' title='bbox 3563 1663 3733 1718; x_wconf 78' lang='grc' dir='ltr'>ἀπλα-</span> 
     </span>
    </p>
   </div>
   <div class='ocr_carea' id='block_1_75' title="bbox 2155 1753 3730 1827">
    <p class='ocr_par' dir='ltr' id='par_1_75' title="bbox 2155 1753 3730 1827">
     <span class='ocr_line' id='line_1_75' title="bbox 2155 1753 3730 1827; baseline -0.002 -18"><span class='ocrx_word' id='word_1_559' title='bbox 2155 1773 2277 1810; x_wconf 91' lang='grc' dir='ltr'>στον</span> <span class='ocrx_word' id='word_1_560' title='bbox 2331 1757 2425 1810; x_wconf 74' lang='grc' dir='ltr'>καὶ</span> <span class='ocrx_word' id='word_1_561' title='bbox 2479 1755 2786 1827; x_wconf 84' lang='grc' dir='ltr'>εἰλικρινές.</span> <span class='ocrx_word' id='word_1_562' title='bbox 2844 1755 2952 1808; x_wconf 81' lang='grc' dir='ltr'>Καὶ</span> <span class='ocrx_word' id='word_1_563' title='bbox 3006 1755 3108 1808; x_wconf 91' lang='grc' dir='ltr'>οὐκ</span> <span class='ocrx_word' id='word_1_564' title='bbox 3165 1753 3527 1823; x_wconf 83' lang='grc' dir='ltr'>ἐπαυσάμεθα</span> <span class='ocrx_word' id='word_1_565' title='bbox 3597 1753 3730 1824; x_wconf 76' lang='grc' dir='ltr'>πρὸς</span> 
     </span>
    </p>
   </div>
   <div class='ocr_carea' id='block_1_76' title="bbox 2154 1835 3731 1915">
    <p class='ocr_par' dir='ltr' id='par_1_76' title="bbox 2154 1835 3731 1915">
     <span class='ocr_line' id='line_1_76' title="bbox 2154 1835 3731 1915; baseline -0.004 -17"><span class='ocrx_word' id='word_1_566' title='bbox 2154 1845 2396 1908; x_wconf 76' lang='grc' dir='ltr'>ἅπαντας</span> <span class='ocrx_word' id='word_1_567' title='bbox 2440 1842 2906 1915; x_wconf 88' lang='grc' dir='ltr'>ἀνακηρύττοντες</span> <span class='ocrx_word' id='word_1_568' title='bbox 2937 1842 3035 1914; x_wconf 83' lang='grc' dir='ltr'>τὴν</span> <span class='ocrx_word' id='word_1_569' title='bbox 3083 1841 3340 1904; x_wconf 83' lang='grc' dir='ltr'>διάθεσιν,</span> <span class='ocrx_word' id='word_1_570' title='bbox 3371 1835 3439 1912; x_wconf 82' lang='grc' dir='ltr'>ἦς</span> <span class='ocrx_word' id='word_1_571' title='bbox 3495 1840 3731 1911; x_wconf 85' lang='grc' dir='ltr'>συνεχῶς</span> 
     </span>
    </p>
   </div>
   <div class='ocr_carea' id='block_1_77' title="bbox 2153 1927 3731 2004">
    <p class='ocr_par' dir='ltr' id='par_1_77' title="bbox 2153 1927 3731 2004">
     <span class='ocr_line' id='line_1_77' title="bbox 2153 1927 3731 2004; baseline -0.005 -17"><span class='ocrx_word' id='word_1_572' title='bbox 2153 1932 2548 2004; x_wconf 89' lang='grc' dir='ltr'>ἀπηλαύσαμεν</span> <span class='ocrx_word' id='word_1_573' title='bbox 2570 1931 2722 2001; x_wconf 84' lang='grc' dir='ltr'>παρά</span> <span class='ocrx_word' id='word_1_574' title='bbox 2749 1931 2848 1999; x_wconf 84' lang='grc' dir='ltr'>τῆς</span> <span class='ocrx_word' id='word_1_575' title='bbox 2878 1930 2975 2001; x_wconf 83' lang='grc' dir='ltr'>σῆς</span> <span class='ocrx_word' id='word_1_576' title='bbox 3007 1927 3300 1998; x_wconf 87' lang='grc' dir='ltr'>εὐγενείας,</span> <span class='ocrx_word' id='word_1_577' title='bbox 3329 1929 3447 1998; x_wconf 78' lang='grc' dir='ltr'>οὐχὶ</span> <span class='ocrx_word' id='word_1_578' title='bbox 3470 1927 3731 1998; x_wconf 86' lang='grc' dir='ltr'>παρόντες</span> 
     </span>
    </p>
   </div>
   <div class='ocr_carea' id='block_1_78' title="bbox 2156 2019 3733 2096">
    <p class='ocr_par' dir='ltr' id='par_1_78' title="bbox 2156 2019 3733 2096">
     <span class='ocr_line' id='line_1_78' title="bbox 2156 2019 3733 2096; baseline -0.005 -18"><span class='ocrx_word' id='word_1_579' title='bbox 2156 2026 2336 2096; x_wconf 87' lang='grc' dir='ltr'>μόνον,</span> <span class='ocrx_word' id='word_1_580' title='bbox 2369 2023 2505 2077; x_wconf 89' lang='grc' dir='ltr'>ἀλλά</span> <span class='ocrx_word' id='word_1_581' title='bbox 2533 2023 2626 2076; x_wconf 78' lang='grc' dir='ltr'>καὶ</span> <span class='ocrx_word' id='word_1_582' title='bbox 2663 2022 2922 2085; x_wconf 89' lang='grc' dir='ltr'>ἀπόντες·</span> <span class='ocrx_word' id='word_1_583' title='bbox 2963 2021 3022 2074; x_wconf 87' lang='grc' dir='ltr'>οὐ</span> <span class='ocrx_word' id='word_1_584' title='bbox 3064 2021 3172 2092; x_wconf 74' lang='grc' dir='ltr'>γάρ</span> <span class='ocrx_word' id='word_1_585' title='bbox 3219 2020 3357 2090; x_wconf 82' lang='grc' dir='ltr'>μετά</span> <span class='ocrx_word' id='word_1_586' title='bbox 3395 2019 3493 2090; x_wconf 77' lang='grc' dir='ltr'>τὴν</span> <span class='ocrx_word' id='word_1_587' title='bbox 3533 2019 3733 2089; x_wconf 83' lang='grc' dir='ltr'>ἀποδη-</span> 
     </span>
    </p>
   </div>
   <div class='ocr_carea' id='block_1_79' title="bbox 2156 2108 3731 2186">
    <p class='ocr_par' dir='ltr' id='par_1_79' title="bbox 2156 2108 3731 2186">
     <span class='ocr_line' id='line_1_79' title="bbox 2156 2108 3731 2186; baseline -0.002 -21"><span class='ocrx_word' id='word_1_588' title='bbox 2156 2115 2281 2186; x_wconf 91' lang='grc' dir='ltr'>μίαν</span> <span class='ocrx_word' id='word_1_589' title='bbox 2315 2113 2502 2167; x_wconf 81' lang='grc' dir='ltr'>ἐλαθεν</span> <span class='ocrx_word' id='word_1_590' title='bbox 2542 2114 2710 2184; x_wconf 81' lang='grc' dir='ltr'>ἡμᾶς,</span> <span class='ocrx_word' id='word_1_591' title='bbox 2749 2113 2850 2166; x_wconf 85' lang='grc' dir='ltr'>ὅσα</span> <span class='ocrx_word' id='word_1_592' title='bbox 2893 2111 2985 2165; x_wconf 77' lang='grc' dir='ltr'>καὶ</span> <span class='ocrx_word' id='word_1_593' title='bbox 3019 2113 3192 2163; x_wconf 87' lang='grc' dir='ltr'>ποιεῖν</span> <span class='ocrx_word' id='word_1_594' title='bbox 3238 2111 3333 2163; x_wconf 78' lang='grc' dir='ltr'>καὶ</span> <span class='ocrx_word' id='word_1_595' title='bbox 3376 2109 3557 2178; x_wconf 90' lang='grc' dir='ltr'>λέγειν</span> <span class='ocrx_word' id='word_1_596' title='bbox 3594 2108 3731 2179; x_wconf 82' lang='grc' dir='ltr'>ὑπὲρ</span> 
     </span>
    </p>
   </div>
   <div class='ocr_carea' id='block_1_80' title="bbox 2153 2197 3732 2278">
    <p class='ocr_par' dir='ltr' id='par_1_80' title="bbox 2153 2197 3732 2278">
     <span class='ocr_line' id='line_1_80' title="bbox 2153 2197 3732 2278; baseline -0.006 -19"><span class='ocrx_word' id='word_1_597' title='bbox 2153 2206 2310 2278; x_wconf 74' lang='grc' dir='ltr'>ἡμῶν</span> <span class='ocrx_word' id='word_1_598' title='bbox 2343 2205 2702 2268; x_wconf 84' lang='grc' dir='ltr'>ἐσπούδακας.</span> <span class='ocrx_word' id='word_1_599' title='bbox 2743 2203 2800 2256; x_wconf 85' lang='lat'>&#39;0</span> <span class='ocrx_word' id='word_1_600' title='bbox 2837 2202 2967 2266; x_wconf 85' lang='grc' dir='ltr'>Θεός</span> <span class='ocrx_word' id='word_1_601' title='bbox 3003 2218 3083 2256; x_wconf 90' lang='grc' dir='ltr'>σοι</span> <span class='ocrx_word' id='word_1_602' title='bbox 3115 2199 3228 2271; x_wconf 81' lang='grc' dir='ltr'>δῴη</span> <span class='ocrx_word' id='word_1_603' title='bbox 3269 2199 3358 2252; x_wconf 83' lang='grc' dir='ltr'>τὸν</span> <span class='ocrx_word' id='word_1_604' title='bbox 3399 2197 3594 2270; x_wconf 84' lang='grc' dir='ltr'>μισθὸν</span> <span class='ocrx_word' id='word_1_605' title='bbox 3637 2197 3732 2268; x_wconf 84' lang='grc' dir='ltr'>τῆς</span> 
     </span>
    </p>
   </div>
   <div class='ocr_carea' id='block_1_81' title="bbox 2155 2289 3731 2372">
    <p class='ocr_par' dir='ltr' id='par_1_81' title="bbox 2155 2289 3731 2372">
     <span class='ocr_line' id='line_1_81' title="bbox 2155 2289 3731 2372; baseline -0.006 -20"><span class='ocrx_word' id='word_1_606' title='bbox 2155 2299 2306 2372; x_wconf 83' lang='grc'>[715]</span> <span class='ocrx_word' id='word_1_607' title='bbox 2352 2298 2610 2368; x_wconf 87' lang='grc' dir='ltr'>τοιαύτης</span> <span class='ocrx_word' id='word_1_608' title='bbox 2655 2295 2910 2362; x_wconf 78' lang='grc' dir='ltr'>σπουδῆς,</span> <span class='ocrx_word' id='word_1_609' title='bbox 2957 2295 3051 2348; x_wconf 81' lang='grc' dir='ltr'>καὶ</span> <span class='ocrx_word' id='word_1_610' title='bbox 3098 2291 3352 2355; x_wconf 87' lang='grc' dir='ltr'>ἐνταῦθα,</span> <span class='ocrx_word' id='word_1_611' title='bbox 3405 2291 3501 2344; x_wconf 72' lang='grc' dir='ltr'>καὶ</span> <span class='ocrx_word' id='word_1_612' title='bbox 3543 2293 3604 2343; x_wconf 91' lang='grc' dir='ltr'>ἐν</span> <span class='ocrx_word' id='word_1_613' title='bbox 3655 2289 3731 2359; x_wconf 84' lang='grc' dir='ltr'>τῷ</span> 
     </span>
    </p>
   </div>
   <div class='ocr_carea' id='block_1_82' title="bbox 2155 2381 3730 2462">
    <p class='ocr_par' dir='ltr' id='par_1_82' title="bbox 2155 2381 3730 2462">
     <span class='ocr_line' id='line_1_82' title="bbox 2155 2381 3730 2462; baseline -0.007 -18"><span class='ocrx_word' id='word_1_614' title='bbox 2155 2391 2403 2462; x_wconf 83' lang='grc' dir='ltr'>μέλλοντι</span> <span class='ocrx_word' id='word_1_615' title='bbox 2450 2389 2626 2444; x_wconf 79' lang='grc' dir='ltr'>αἰῶνι.</span> <span class='ocrx_word' id='word_1_616' title='bbox 2662 2389 2779 2442; x_wconf 88' lang='grc' dir='ltr'>Ἴνα</span> <span class='ocrx_word' id='word_1_617' title='bbox 2823 2386 2880 2439; x_wconf 83' lang='grc' dir='ltr'>δὲ</span> <span class='ocrx_word' id='word_1_618' title='bbox 2930 2385 3022 2438; x_wconf 84' lang='grc' dir='ltr'>καὶ</span> <span class='ocrx_word' id='word_1_619' title='bbox 3072 2383 3314 2447; x_wconf 90' lang='grc' dir='ltr'>πλείονος</span> <span class='ocrx_word' id='word_1_620' title='bbox 3368 2381 3730 2451; x_wconf 85' lang='grc' dir='ltr'>ἀπολαύωμεν</span> 
     </span>
    </p>
   </div>
   <div class='ocr_carea' id='block_1_83' title="bbox 2153 2475 3732 2552">
    <p class='ocr_par' dir='ltr' id='par_1_83' title="bbox 2153 2475 3732 2552">
     <span class='ocr_line' id='line_1_83' title="bbox 2153 2475 3732 2552; baseline -0.005 -18"><span class='ocrx_word' id='word_1_621' title='bbox 2153 2481 2376 2552; x_wconf 82' lang='grc' dir='ltr'>ἡδονῆς,</span> <span class='ocrx_word' id='word_1_622' title='bbox 2430 2480 2504 2552; x_wconf 81' lang='grc' dir='ltr'>μὴ</span> <span class='ocrx_word' id='word_1_623' title='bbox 2547 2480 2848 2551; x_wconf 87' lang='grc' dir='ltr'>γράφοντες</span> <span class='ocrx_word' id='word_1_624' title='bbox 2891 2479 3072 2550; x_wconf 90' lang='grc' dir='ltr'>μόνον,</span> <span class='ocrx_word' id='word_1_625' title='bbox 3116 2476 3252 2530; x_wconf 87' lang='grc' dir='ltr'>ἀλλά</span> <span class='ocrx_word' id='word_1_626' title='bbox 3294 2475 3388 2528; x_wconf 82' lang='grc' dir='ltr'>καὶ</span> <span class='ocrx_word' id='word_1_627' title='bbox 3433 2475 3732 2545; x_wconf 82' lang='grc' dir='ltr'>γράμματα</span> 
     </span>
    </p>
   </div>
   <div class='ocr_carea' id='block_1_84' title="bbox 2151 2565 3733 2644">
    <p class='ocr_par' dir='ltr' id='par_1_84' title="bbox 2151 2565 3733 2644">
     <span class='ocr_line' id='line_1_84' title="bbox 2151 2565 3733 2644; baseline -0.006 -17"><span class='ocrx_word' id='word_1_628' title='bbox 2151 2573 2427 2644; x_wconf 88' lang='grc' dir='ltr'>δεχόμενοι</span> <span class='ocrx_word' id='word_1_629' title='bbox 2460 2572 2612 2644; x_wconf 86' lang='grc' dir='ltr'>παρά</span> <span class='ocrx_word' id='word_1_630' title='bbox 2656 2571 2757 2642; x_wconf 90' lang='grc' dir='ltr'>τῆς</span> <span class='ocrx_word' id='word_1_631' title='bbox 2789 2568 3078 2641; x_wconf 82' lang='grc' dir='ltr'>ἐμμελείας</span> <span class='ocrx_word' id='word_1_632' title='bbox 3125 2568 3223 2639; x_wconf 87' lang='grc' dir='ltr'>τῆς</span> <span class='ocrx_word' id='word_1_633' title='bbox 3258 2567 3390 2638; x_wconf 86' lang='grc' dir='ltr'>σῆς,</span> <span class='ocrx_word' id='word_1_634' title='bbox 3437 2565 3733 2620; x_wconf 84' lang='grc' dir='ltr'>ἐπιστεῖλαι</span> 
     </span>
    </p>
   </div>
   <div class='ocr_carea' id='block_1_85' title="bbox 2152 2657 3734 2737">
    <p class='ocr_par' dir='ltr' id='par_1_85' title="bbox 2152 2657 3734 2737">
     <span class='ocr_line' id='line_1_85' title="bbox 2152 2657 3734 2737; baseline -0.006 -20"><span class='ocrx_word' id='word_1_635' title='bbox 2152 2666 2282 2736; x_wconf 86' lang='grc' dir='ltr'>ἡμῖν</span> <span class='ocrx_word' id='word_1_636' title='bbox 2317 2663 2721 2737; x_wconf 86' lang='grc' dir='ltr'>παρακλήθητι,</span> <span class='ocrx_word' id='word_1_637' title='bbox 2755 2663 2881 2736; x_wconf 78' lang='grc' dir='ltr'>περὶ</span> <span class='ocrx_word' id='word_1_638' title='bbox 2915 2661 3014 2732; x_wconf 80' lang='grc' dir='ltr'>τῆς</span> <span class='ocrx_word' id='word_1_639' title='bbox 3039 2660 3227 2729; x_wconf 85' lang='grc' dir='ltr'>ὑγείας</span> <span class='ocrx_word' id='word_1_640' title='bbox 3251 2659 3347 2730; x_wconf 78' lang='grc' dir='ltr'>τῆς</span> <span class='ocrx_word' id='word_1_641' title='bbox 3383 2661 3483 2726; x_wconf 84' lang='grc' dir='ltr'>σῆς</span> <span class='ocrx_word' id='word_1_642' title='bbox 3507 2657 3734 2726; x_wconf 88' lang='grc' dir='ltr'>εὐαγγε-</span> 
     </span>
    </p>
   </div>
   <div class='ocr_carea' id='block_1_86' title="bbox 2152 2748 3732 2828">
    <p class='ocr_par' dir='ltr' id='par_1_86' title="bbox 2152 2748 3732 2828">
     <span class='ocr_line' id='line_1_86' title="bbox 2152 2748 3732 2828; baseline -0.006 -19"><span class='ocrx_word' id='word_1_643' title='bbox 2152 2755 2451 2828; x_wconf 79' lang='grc' dir='ltr'>λιζόμενος,</span> <span class='ocrx_word' id='word_1_644' title='bbox 2489 2755 2578 2809; x_wconf 83' lang='grc' dir='ltr'>ἵνα</span> <span class='ocrx_word' id='word_1_645' title='bbox 2609 2755 2705 2809; x_wconf 75' lang='grc' dir='ltr'>καὶ.</span> <span class='ocrx_word' id='word_1_646' title='bbox 2735 2758 2790 2809; x_wconf 87' lang='grc' dir='ltr'>ἐν</span> <span class='ocrx_word' id='word_1_647' title='bbox 2829 2757 2894 2826; x_wconf 79' lang='grc' dir='ltr'>τῇ</span> <span class='ocrx_word' id='word_1_648' title='bbox 2922 2752 3127 2825; x_wconf 73' lang='grc' dir='ltr'>ἐρημία</span> <span class='ocrx_word' id='word_1_649' title='bbox 3164 2751 3337 2824; x_wconf 89' lang='grc' dir='ltr'>ταύτῃ</span> <span class='ocrx_word' id='word_1_650' title='bbox 3378 2748 3732 2819; x_wconf 77' lang='grc' dir='ltr'>καθεζόμενοι</span> 
     </span>
    </p>
   </div>
   <div class='ocr_carea' id='block_1_87' title="bbox 2153 2839 3730 2920">
    <p class='ocr_par' dir='ltr' id='par_1_87' title="bbox 2153 2839 3730 2920">
     <span class='ocr_line' id='line_1_87' title="bbox 2153 2839 3730 2920; baseline -0.005 -20"><span class='ocrx_word' id='word_1_651' title='bbox 2153 2847 2352 2918; x_wconf 82' lang='grc' dir='ltr'>πολλὴν</span> <span class='ocrx_word' id='word_1_652' title='bbox 2408 2845 2832 2920; x_wconf 86' lang='grc' dir='ltr'>καρπωσώμεθα</span> <span class='ocrx_word' id='word_1_653' title='bbox 2891 2844 2988 2916; x_wconf 83' lang='grc' dir='ltr'>τὴν</span> <span class='ocrx_word' id='word_1_654' title='bbox 3058 2843 3425 2914; x_wconf 85' lang='grc' dir='ltr'>παράκλησιν.</span> <span class='ocrx_word' id='word_1_655' title='bbox 3471 2841 3568 2894; x_wconf 81' lang='grc' dir='ltr'>Ἀν</span> <span class='ocrx_word' id='word_1_656' title='bbox 3623 2839 3730 2911; x_wconf 77' lang='grc' dir='ltr'>γὰρ</span> 
     </span>
    </p>
   </div>
   <div class='ocr_carea' id='block_1_88' title="bbox 2151 2931 3732 3010">
    <p class='ocr_par' dir='ltr' id='par_1_88' title="bbox 2151 2931 3732 3010">
     <span class='ocr_line' id='line_1_88' title="bbox 2151 2931 3732 3010; baseline -0.004 -18"><span class='ocrx_word' id='word_1_657' title='bbox 2151 2938 2431 3010; x_wconf 78' lang='grc' dir='ltr'>δεξώμεθα</span> <span class='ocrx_word' id='word_1_658' title='bbox 2461 2935 2748 3010; x_wconf 79' lang='grc' dir='ltr'>ἐπιστολὴν</span> <span class='ocrx_word' id='word_1_659' title='bbox 2785 2937 2884 3008; x_wconf 84' lang='grc' dir='ltr'>τῆς</span> <span class='ocrx_word' id='word_1_660' title='bbox 2925 2937 3145 3008; x_wconf 88' lang='grc' dir='ltr'>ἀγάπης</span> <span class='ocrx_word' id='word_1_661' title='bbox 3176 2952 3292 3000; x_wconf 91' lang='grc' dir='ltr'>σου,</span> <span class='ocrx_word' id='word_1_662' title='bbox 3342 2933 3412 2987; x_wconf 82' lang='grc' dir='ltr'>τά</span> <span class='ocrx_word' id='word_1_663' title='bbox 3458 2932 3587 3004; x_wconf 76' lang='grc' dir='ltr'>περὶ</span> <span class='ocrx_word' id='word_1_664' title='bbox 3634 2931 3732 3002; x_wconf 80' lang='grc' dir='ltr'>τῆς</span> 
     </span>
    </p>
   </div>
   <div class='ocr_carea' id='block_1_89' title="bbox 2153 3024 3732 3104">
    <p class='ocr_par' dir='ltr' id='par_1_89' title="bbox 2153 3024 3732 3104">
     <span class='ocr_line' id='line_1_89' title="bbox 2153 3024 3732 3104; baseline -0.006 -19"><span class='ocrx_word' id='word_1_665' title='bbox 2153 3031 2372 3104; x_wconf 78' lang='grc' dir='ltr'>ῥώσεως</span> <span class='ocrx_word' id='word_1_666' title='bbox 2414 3034 2544 3103; x_wconf 87' lang='grc' dir='ltr'>ἡμῖν</span> <span class='ocrx_word' id='word_1_667' title='bbox 2587 3029 3034 3100; x_wconf 86' lang='grc' dir='ltr'>ἀπαγγέλλουσαν</span> <span class='ocrx_word' id='word_1_668' title='bbox 3075 3029 3176 3098; x_wconf 81' lang='grc' dir='ltr'>τῆς</span> <span class='ocrx_word' id='word_1_669' title='bbox 3213 3027 3336 3097; x_wconf 83' lang='grc' dir='ltr'>σῆς,</span> <span class='ocrx_word' id='word_1_670' title='bbox 3379 3024 3613 3080; x_wconf 73' lang='grc' dir='ltr'>καὶτῶν</span> <span class='ocrx_word' id='word_1_671' title='bbox 3651 3025 3732 3077; x_wconf 74' lang='grc' dir='ltr'>σοὶ</span> 
     </span>
    </p>
   </div>
   <div class='ocr_carea' id='block_1_90' title="bbox 2153 3116 3731 3195">
    <p class='ocr_par' dir='ltr' id='par_1_90' title="bbox 2153 3116 3731 3195">
     <span class='ocr_line' id='line_1_90' title="bbox 2153 3116 3731 3195; baseline -0.004 -19"><span class='ocrx_word' id='word_1_672' title='bbox 2153 3123 2539 3195; x_wconf 89' lang='grc' dir='ltr'>προσηκόντων</span> <span class='ocrx_word' id='word_1_673' title='bbox 2575 3121 2849 3185; x_wconf 88' lang='grc' dir='ltr'>ἀπάντων,</span> <span class='ocrx_word' id='word_1_674' title='bbox 2877 3120 3100 3191; x_wconf 76' lang='grc' dir='ltr'>πολλὴν,</span> <span class='ocrx_word' id='word_1_675' title='bbox 3131 3120 3224 3172; x_wconf 72' lang='grc' dir='ltr'>καὶ</span> <span class='ocrx_word' id='word_1_676' title='bbox 3253 3120 3310 3172; x_wconf 87' lang='grc' dir='ltr'>ἐν</span> <span class='ocrx_word' id='word_1_677' title='bbox 3343 3117 3601 3190; x_wconf 75' lang='grc' dir='ltr'>ἀλλοτρίᾳ</span> <span class='ocrx_word' id='word_1_678' title='bbox 3623 3116 3731 3171; x_wconf 83' lang='grc' dir='ltr'>δια-</span> 
     </span>
    </p>
   </div>
   <div class='ocr_carea' id='block_1_91' title="bbox 2152 3213 3236 3290">
    <p class='ocr_par' dir='ltr' id='par_1_91' title="bbox 2152 3213 3236 3290">
     <span class='ocr_line' id='line_1_91' title="bbox 2152 3213 3236 3290; baseline -0.002 -20"><span class='ocrx_word' id='word_1_679' title='bbox 2152 3217 2427 3290; x_wconf 81' lang='grc' dir='ltr'>τρίϐοντες</span> <span class='ocrx_word' id='word_1_680' title='bbox 2457 3219 2548 3288; x_wconf 82' lang='grc' dir='ltr'>γῇ,</span> <span class='ocrx_word' id='word_1_681' title='bbox 2575 3213 2842 3287; x_wconf 81' lang='grc' dir='ltr'>δεξόμεθα</span> <span class='ocrx_word' id='word_1_682' title='bbox 2872 3213 3236 3286; x_wconf 87' lang='grc' dir='ltr'>παράκλησιν.</span> 
     </span>
    </p>
   </div>
   <div class='ocr_carea' id='block_1_92' title="bbox 2547 3367 3340 3437">
    <p class='ocr_par' dir='ltr' id='par_1_92' title="bbox 2547 3367 3340 3437">
     <span class='ocr_line' id='line_1_92' title="bbox 2547 3367 3340 3437; baseline -0.003 -13"><span class='ocrx_word' id='word_1_683' title='bbox 2547 3372 2684 3437; x_wconf 67' lang='grc' dir='ltr'>ΣΕΓ.</span> <span class='ocrx_word' id='word_1_684' title='bbox 2724 3367 3034 3433; x_wconf 76' lang='grc' dir='ltr'>Θεοδούλῳ</span> <span class='ocrx_word' id='word_1_685' title='bbox 3061 3367 3340 3435; x_wconf 77' lang='grc' dir='ltr'>διακόνῳ.</span> 
     </span>
    </p>
   </div>
   <div class='ocr_carea' id='block_1_93' title="bbox 2221 3523 3733 3602">
    <p class='ocr_par' dir='ltr' id='par_1_93' title="bbox 2221 3523 3733 3602">
     <span class='ocr_line' id='line_1_93' title="bbox 2221 3523 3733 3602; baseline -0.005 -18"><span class='ocrx_word' id='word_1_686' title='bbox 2221 3531 2284 3584; x_wconf 82' lang='lat' dir='ltr'>El</span> <span class='ocrx_word' id='word_1_687' title='bbox 2317 3529 2411 3584; x_wconf 73' lang='grc' dir='ltr'>καὶ</span> <span class='ocrx_word' id='word_1_688' title='bbox 2452 3528 2687 3602; x_wconf 81' lang='grc' dir='ltr'>χαλεπὸς</span> <span class='ocrx_word' id='word_1_689' title='bbox 2713 3529 2742 3583; x_wconf 86' lang='grc' dir='ltr'>δ</span> <span class='ocrx_word' id='word_1_690' title='bbox 2772 3525 2999 3598; x_wconf 87' lang='grc' dir='ltr'>χειμὼν,</span> <span class='ocrx_word' id='word_1_691' title='bbox 3044 3526 3138 3580; x_wconf 76' lang='grc' dir='ltr'>καὶ</span> <span class='ocrx_word' id='word_1_692' title='bbox 3169 3526 3304 3598; x_wconf 74' lang='grc' dir='ltr'>πρὸς</span> <span class='ocrx_word' id='word_1_693' title='bbox 3338 3523 3470 3594; x_wconf 81' lang='grc' dir='ltr'>ὕψος</span> <span class='ocrx_word' id='word_1_694' title='bbox 3507 3526 3733 3596; x_wconf 84' lang='grc' dir='ltr'>ἐγήγερ-</span> 
     </span>
    </p>
   </div>
   <div class='ocr_carea' id='block_1_94' title="bbox 2149 3615 3731 3692">
    <p class='ocr_par' dir='ltr' id='par_1_94' title="bbox 2149 3615 3731 3692">
     <span class='ocr_line' id='line_1_94' title="bbox 2149 3615 3731 3692; baseline -0.005 -17"><span class='ocrx_word' id='word_1_695' title='bbox 2149 3639 2239 3675; x_wconf 87' lang='grc' dir='ltr'>ται</span> <span class='ocrx_word' id='word_1_696' title='bbox 2284 3620 2446 3692; x_wconf 88' lang='grc' dir='ltr'>μέγα,</span> <span class='ocrx_word' id='word_1_697' title='bbox 2484 3620 2578 3673; x_wconf 70' lang='grc' dir='ltr'>καὶ</span> <span class='ocrx_word' id='word_1_698' title='bbox 2615 3619 2666 3673; x_wconf 91' lang='grc' dir='ltr'>οί</span> <span class='ocrx_word' id='word_1_699' title='bbox 2700 3617 3012 3689; x_wconf 86' lang='grc' dir='ltr'>βουλόμενοι</span> <span class='ocrx_word' id='word_1_700' title='bbox 3055 3615 3413 3686; x_wconf 89' lang='grc' dir='ltr'>λυμαίνεσθαι</span> <span class='ocrx_word' id='word_1_701' title='bbox 3452 3617 3572 3678; x_wconf 84' lang='grc' dir='ltr'>ταῖς</span> <span class='ocrx_word' id='word_1_702' title='bbox 3615 3615 3731 3668; x_wconf 78' lang='grc' dir='ltr'>Ἐκ-</span> 
     </span>
    </p>
   </div>
   <div class='ocr_carea' id='block_1_95' title="bbox 2149 3705 3730 3784">
    <p class='ocr_par' dir='ltr' id='par_1_95' title="bbox 2149 3705 3730 3784">
     <span class='ocr_line' id='line_1_95' title="bbox 2149 3705 3730 3784; baseline -0.006 -18"><span class='ocrx_word' id='word_1_703' title='bbox 2149 3712 2400 3784; x_wconf 84' lang='grc' dir='ltr'>κλησίαις</span> <span class='ocrx_word' id='word_1_704' title='bbox 2425 3713 2546 3774; x_wconf 92' lang='grc' dir='ltr'>ταῖς</span> <span class='ocrx_word' id='word_1_705' title='bbox 2579 3722 2602 3750; x_wconf 81' lang='grc' dir='ltr'><strong>ο</strong></span> <span class='ocrx_word' id='word_1_706' title='bbox 2631 3713 2710 3774; x_wconf 85' lang='grc' dir='ltr'>είς</span> <span class='ocrx_word' id='word_1_707' title='bbox 2740 3709 2965 3763; x_wconf 91' lang='grc' dir='ltr'>Γοτθίαν</span> <span class='ocrx_word' id='word_1_708' title='bbox 3010 3708 3212 3778; x_wconf 76' lang='grc' dir='ltr'>πολλὴν</span> <span class='ocrx_word' id='word_1_709' title='bbox 3258 3705 3537 3760; x_wconf 88' lang='grc' dir='ltr'>ποιοῦνται</span> <span class='ocrx_word' id='word_1_710' title='bbox 3568 3721 3730 3758; x_wconf 78' lang='grc' dir='ltr'>σπουο</span> 
     </span>
    </p>
   </div>
   <div class='ocr_carea' id='block_1_96' title="bbox 2147 3797 3729 3875">
    <p class='ocr_par' dir='ltr' id='par_1_96' title="bbox 2147 3797 3729 3875">
     <span class='ocr_line' id='line_1_96' title="bbox 2147 3797 3729 3875; baseline -0.007 -16"><span class='ocrx_word' id='word_1_711' title='bbox 2147 3806 2265 3875; x_wconf 83' lang='grc' dir='ltr'>δὴν,</span> <span class='ocrx_word' id='word_1_712' title='bbox 2309 3803 2584 3874; x_wconf 85' lang='grc' dir='ltr'>πανταχοῦ</span> <span class='ocrx_word' id='word_1_713' title='bbox 2620 3803 3055 3874; x_wconf 82' lang='grc' dir='ltr'>περιτρέχοντες,</span> <span class='ocrx_word' id='word_1_714' title='bbox 3100 3800 3216 3854; x_wconf 86' lang='grc' dir='ltr'>ἀλλ’</span> <span class='ocrx_word' id='word_1_715' title='bbox 3242 3801 3398 3870; x_wconf 83' lang='grc' dir='ltr'>ὑμεῖς</span> <span class='ocrx_word' id='word_1_716' title='bbox 3434 3799 3510 3870; x_wconf 85' lang='grc' dir='ltr'>μὴ</span> <span class='ocrx_word' id='word_1_717' title='bbox 3558 3797 3729 3852; x_wconf 82' lang='grc' dir='ltr'>διαλί-</span> 
     </span>
    </p>
   </div>
   <div class='ocr_carea' id='block_1_97' title="bbox 2149 3883 3730 3967">
    <p class='ocr_par' dir='ltr' id='par_1_97' title="bbox 2149 3883 3730 3967">
     <span class='ocr_line' id='line_1_97' title="bbox 2149 3883 3730 3967; baseline -0.006 -18"><span class='ocrx_word' id='word_1_718' title='bbox 2149 3912 2290 3967; x_wconf 89' lang='grc' dir='ltr'>πητε</span> <span class='ocrx_word' id='word_1_719' title='bbox 2332 3895 2402 3949; x_wconf 82' lang='grc' dir='ltr'>τά</span> <span class='ocrx_word' id='word_1_720' title='bbox 2432 3896 2564 3966; x_wconf 85' lang='grc' dir='ltr'>παρ’</span> <span class='ocrx_word' id='word_1_721' title='bbox 2594 3894 2802 3948; x_wconf 86' lang='grc' dir='ltr'>ἐαυτῶν</span> <span class='ocrx_word' id='word_1_722' title='bbox 2841 3893 3206 3963; x_wconf 83' lang='grc' dir='ltr'>είσφέροντες.</span> <span class='ocrx_word' id='word_1_723' title='bbox 3241 3891 3357 3945; x_wconf 80' lang='grc' dir='ltr'>Κᾶν</span> <span class='ocrx_word' id='word_1_724' title='bbox 3411 3889 3521 3960; x_wconf 89' lang='grc' dir='ltr'>γάρ</span> <span class='ocrx_word' id='word_1_725' title='bbox 3563 3883 3730 3960; x_wconf 80' lang='grc' dir='ltr'>μηδὲν</span> 
     </span>
    </p>
   </div>
   <div class='ocr_carea' id='block_1_98' title="bbox 2148 3980 3730 4060">
    <p class='ocr_par' dir='ltr' id='par_1_98' title="bbox 2148 3980 3730 4060">
     <span class='ocr_line' id='line_1_98' title="bbox 2148 3980 3730 4060; baseline -0.004 -19"><span class='ocrx_word' id='word_1_726' title='bbox 2148 3988 2385 4060; x_wconf 90' lang='grc' dir='ltr'>ἀνύσητε</span> <span class='ocrx_word' id='word_1_727' title='bbox 2417 3987 2602 4051; x_wconf 91' lang='grc' dir='ltr'>πλέον,</span> <span class='ocrx_word' id='word_1_728' title='bbox 2647 3988 2784 4058; x_wconf 82' lang='grc' dir='ltr'>ὅπερ</span> <span class='ocrx_word' id='word_1_729' title='bbox 2827 3986 2925 4058; x_wconf 91' lang='grc' dir='ltr'>οὐχ</span> <span class='ocrx_word' id='word_1_730' title='bbox 2963 3983 3225 4056; x_wconf 89' lang='grc' dir='ltr'>ἡγοῦμαι,</span> <span class='ocrx_word' id='word_1_731' title='bbox 3274 3982 3388 4036; x_wconf 83' lang='grc' dir='ltr'>ἀλλ’</span> <span class='ocrx_word' id='word_1_732' title='bbox 3437 3982 3589 4052; x_wconf 81' lang='grc' dir='ltr'>ὅμως</span> <span class='ocrx_word' id='word_1_733' title='bbox 3633 3980 3730 4050; x_wconf 82' lang='grc' dir='ltr'>τῆς</span> 
     </span>
    </p>
   </div>
   <div class='ocr_carea' id='block_1_99' title="bbox 2148 4071 3728 4150">
    <p class='ocr_par' dir='ltr' id='par_1_99' title="bbox 2148 4071 3728 4150">
     <span class='ocr_line' id='line_1_99' title="bbox 2148 4071 3728 4150; baseline -0.008 -16"><span class='ocrx_word' id='word_1_734' title='bbox 2148 4080 2411 4150; x_wconf 87' lang='grc' dir='ltr'>γνώμης,</span> <span class='ocrx_word' id='word_1_735' title='bbox 2461 4079 2554 4132; x_wconf 76' lang='grc' dir='ltr'>καὶ</span> <span class='ocrx_word' id='word_1_736' title='bbox 2609 4078 2708 4148; x_wconf 86' lang='grc' dir='ltr'>τῆς</span> <span class='ocrx_word' id='word_1_737' title='bbox 2760 4076 3068 4148; x_wconf 86' lang='grc' dir='ltr'>προθέσεως</span> <span class='ocrx_word' id='word_1_738' title='bbox 3108 4073 3517 4146; x_wconf 86' lang='grc' dir='ltr'>ἀπηρτισμένον</span> <span class='ocrx_word' id='word_1_739' title='bbox 3578 4071 3728 4142; x_wconf 77' lang='grc' dir='ltr'>ἔχετε</span> 
     </span>
    </p>
   </div>
   <div class='ocr_carea' id='block_1_100' title="bbox 2150 4164 3727 4244">
    <p class='ocr_par' dir='ltr' id='par_1_100' title="bbox 2150 4164 3727 4244">
     <span class='ocr_line' id='line_1_100' title="bbox 2150 4164 3727 4244; baseline -0.007 -18"><span class='ocrx_word' id='word_1_740' title='bbox 2150 4172 2301 4244; x_wconf 84' lang='grc' dir='ltr'>παρά</span> <span class='ocrx_word' id='word_1_741' title='bbox 2342 4169 2434 4225; x_wconf 84' lang='grc' dir='ltr'>τοῦ</span> <span class='ocrx_word' id='word_1_742' title='bbox 2467 4168 2849 4241; x_wconf 87' lang='grc' dir='ltr'>φιλανθρώπου</span> <span class='ocrx_word' id='word_1_743' title='bbox 2892 4167 3026 4221; x_wconf 84' lang='grc' dir='ltr'>Θεοῦ</span> <span class='ocrx_word' id='word_1_744' title='bbox 3057 4167 3147 4221; x_wconf 80' lang='grc' dir='ltr'>τὸν</span> <span class='ocrx_word' id='word_1_745' title='bbox 3190 4165 3399 4237; x_wconf 88' lang='grc' dir='ltr'>μισθόν.</span> <span class='ocrx_word' id='word_1_746' title='bbox 3431 4165 3525 4236; x_wconf 82' lang='grc' dir='ltr'>Μὴ</span> <span class='ocrx_word' id='word_1_747' title='bbox 3552 4164 3727 4216; x_wconf 88' lang='grc' dir='ltr'>τοίνυν</span> 
     </span>
    </p>
   </div>
   <div class='ocr_carea' id='block_1_101' title="bbox 2149 4255 3725 4338">
    <p class='ocr_par' dir='ltr' id='par_1_101' title="bbox 2149 4255 3725 4338">
     <span class='ocr_line' id='line_1_101' title="bbox 2149 4255 3725 4338; baseline -0.006 -20"><span class='ocrx_word' id='word_1_748' title='bbox 2149 4265 2353 4338; x_wconf 90' lang='grc' dir='ltr'>κάμῃς,</span> <span class='ocrx_word' id='word_1_749' title='bbox 2379 4262 2651 4334; x_wconf 85' lang='grc' dir='ltr'>ἀγαπητέ,</span> <span class='ocrx_word' id='word_1_750' title='bbox 2683 4261 3019 4325; x_wconf 82' lang='grc' dir='ltr'>σπουδάζων,</span> <span class='ocrx_word' id='word_1_751' title='bbox 3066 4257 3367 4332; x_wconf 88' lang='grc' dir='ltr'>μεριμνῶν,</span> <span class='ocrx_word' id='word_1_752' title='bbox 3405 4255 3725 4328; x_wconf 78' lang='grc' dir='ltr'>φροντίζων,</span> 
     </span>
    </p>
   </div>
   <div class='ocr_carea' id='block_1_102' title="bbox 2148 4343 3727 4424">
    <p class='ocr_par' dir='ltr' id='par_1_102' title="bbox 2148 4343 3727 4424">
     <span class='ocr_line' id='line_1_102' title="bbox 2148 4343 3727 4424; baseline -0.006 -15"><span class='ocrx_word' id='word_1_753' title='bbox 2148 4357 2242 4410; x_wconf 81' lang='grc' dir='ltr'>καὶ</span> <span class='ocrx_word' id='word_1_754' title='bbox 2274 4355 2361 4409; x_wconf 86' lang='grc' dir='ltr'>διὰ</span> <span class='ocrx_word' id='word_1_755' title='bbox 2397 4353 2618 4418; x_wconf 88' lang='grc' dir='ltr'>σαυτοῦ,</span> <span class='ocrx_word' id='word_1_756' title='bbox 2663 4354 2756 4406; x_wconf 67' lang='grc' dir='ltr'>καὶ</span> <span class='ocrx_word' id='word_1_757' title='bbox 2803 4353 2870 4405; x_wconf 89' lang='grc' dir='ltr'>δι’</span> <span class='ocrx_word' id='word_1_758' title='bbox 2913 4353 3133 4424; x_wconf 86' lang='grc' dir='ltr'>ἐτέρων,</span> <span class='ocrx_word' id='word_1_759' title='bbox 3179 4344 3252 4405; x_wconf 84' lang='grc' dir='ltr'>ὧν</span> <span class='ocrx_word' id='word_1_760' title='bbox 3286 4351 3352 4404; x_wconf 84' lang='grc' dir='ltr'>ἂν</span> <span class='ocrx_word' id='word_1_761' title='bbox 3395 4343 3507 4401; x_wconf 77' lang='grc' dir='ltr'>οἷόν</span> <span class='ocrx_word' id='word_1_762' title='bbox 3554 4365 3616 4401; x_wconf 86' lang='grc' dir='ltr'>τε</span> <span class='ocrx_word' id='word_1_763' title='bbox 3657 4344 3727 4422; x_wconf 83' lang='grc' dir='ltr'>ᾗ,</span> 
     </span>
    </p>
   </div>
   <div class='ocr_carea' id='block_1_103' title="bbox 2147 4436 3728 4513">
    <p class='ocr_par' dir='ltr' id='par_1_103' title="bbox 2147 4436 3728 4513">
     <span class='ocr_line' id='line_1_103' title="bbox 2147 4436 3728 4513; baseline -0.003 -19"><span class='ocrx_word' id='word_1_764' title='bbox 2147 4441 2289 4494; x_wconf 85' lang='grc' dir='ltr'>ὥστε</span> <span class='ocrx_word' id='word_1_765' title='bbox 2323 4441 2398 4512; x_wconf 86' lang='grc' dir='ltr'>μὴ</span> <span class='ocrx_word' id='word_1_766' title='bbox 2419 4439 2673 4511; x_wconf 88' lang='grc' dir='ltr'>γενέσθαι</span> <span class='ocrx_word' id='word_1_767' title='bbox 2698 4440 2942 4513; x_wconf 81' lang='grc' dir='ltr'>ταραχὰς</span> <span class='ocrx_word' id='word_1_768' title='bbox 2968 4439 3154 4493; x_wconf 88' lang='grc' dir='ltr'>αὐτόθι</span> <span class='ocrx_word' id='word_1_769' title='bbox 3184 4439 3276 4492; x_wconf 73' lang='grc' dir='ltr'>καὶ</span> <span class='ocrx_word' id='word_1_770' title='bbox 3303 4436 3586 4509; x_wconf 79' lang='grc' dir='ltr'>θορύϐους.</span> <span class='ocrx_word' id='word_1_771' title='bbox 3618 4437 3728 4506; x_wconf 76' lang='grc' dir='ltr'>Πρὸ</span> 
     </span>
    </p>
   </div>
   <div class='ocr_carea' id='block_1_104' title="bbox 2146 4530 3729 4605">
    <p class='ocr_par' dir='ltr' id='par_1_104' title="bbox 2146 4530 3729 4605">
     <span class='ocr_line' id='line_1_104' title="bbox 2146 4530 3729 4605; baseline -0.003 -18"><span class='ocrx_word' id='word_1_772' title='bbox 2146 4534 2204 4587; x_wconf 87' lang='grc' dir='ltr'>δέ</span> <span class='ocrx_word' id='word_1_773' title='bbox 2245 4533 2465 4587; x_wconf 90' lang='grc' dir='ltr'>πάντων</span> <span class='ocrx_word' id='word_1_774' title='bbox 2493 4532 2737 4605; x_wconf 73' lang='grc' dir='ltr'>εὔχεσθε,</span> <span class='ocrx_word' id='word_1_775' title='bbox 2779 4533 2874 4586; x_wconf 74' lang='grc' dir='ltr'>καὶ</span> <span class='ocrx_word' id='word_1_776' title='bbox 2905 4531 2980 4604; x_wconf 82' lang='grc' dir='ltr'>μὴ</span> <span class='ocrx_word' id='word_1_777' title='bbox 3027 4532 3308 4602; x_wconf 86' lang='grc' dir='ltr'>διαλίπητε</span> <span class='ocrx_word' id='word_1_778' title='bbox 3342 4530 3577 4592; x_wconf 85' lang='grc' dir='ltr'>ἐκτενῶς</span> <span class='ocrx_word' id='word_1_779' title='bbox 3617 4530 3729 4582; x_wconf 77' lang='lat' dir='ltr'>5e6-</span> 
     </span>
    </p>
   </div>
   <div class='ocr_carea' id='block_1_105' title="bbox 2152 4623 3728 4698">
    <p class='ocr_par' dir='ltr' id='par_1_105' title="bbox 2152 4623 3728 4698">
     <span class='ocr_line' id='line_1_105' title="bbox 2152 4623 3728 4698; baseline -0.004 -19"><span class='ocrx_word' id='word_1_780' title='bbox 2152 4644 2302 4698; x_wconf 89' lang='grc' dir='ltr'>μενοι</span> <span class='ocrx_word' id='word_1_781' title='bbox 2346 4626 2441 4680; x_wconf 92' lang='grc' dir='ltr'>τοῦ</span> <span class='ocrx_word' id='word_1_782' title='bbox 2489 4625 2870 4698; x_wconf 73' lang='grc' dir='ltr'>φιλανθρώπου</span> <span class='ocrx_word' id='word_1_783' title='bbox 2917 4624 3074 4690; x_wconf 87' lang='grc' dir='ltr'>Θεοῦ,</span> <span class='ocrx_word' id='word_1_784' title='bbox 3111 4627 3205 4678; x_wconf 79' lang='grc' dir='ltr'>καὶ</span> <span class='ocrx_word' id='word_1_785' title='bbox 3241 4623 3378 4696; x_wconf 86' lang='grc' dir='ltr'>μετά</span> <span class='ocrx_word' id='word_1_786' title='bbox 3419 4623 3519 4692; x_wconf 87' lang='grc' dir='ltr'>τῆς</span> <span class='ocrx_word' id='word_1_787' title='bbox 3562 4637 3728 4693; x_wconf 77' lang='grc' dir='ltr'>προσ-</span> 
     </span>
    </p>
   </div>
   <div class='ocr_carea' id='block_1_106' title="bbox 2148 4713 3722 4793">
    <p class='ocr_par' dir='ltr' id='par_1_106' title="bbox 2148 4713 3722 4793">
     <span class='ocr_line' id='line_1_106' title="bbox 2148 4713 3722 4793; baseline -0.005 -20"><span class='ocrx_word' id='word_1_788' title='bbox 2148 4719 2391 4793; x_wconf 89' lang='grc' dir='ltr'>ηκούσης</span> <span class='ocrx_word' id='word_1_789' title='bbox 2426 4719 2679 4790; x_wconf 80' lang='grc' dir='ltr'>σπουδῆς,</span> <span class='ocrx_word' id='word_1_790' title='bbox 2718 4719 2806 4772; x_wconf 88' lang='grc' dir='ltr'>ῖνα</span> <span class='ocrx_word' id='word_1_791' title='bbox 2845 4716 2980 4790; x_wconf 90' lang='grc' dir='ltr'>λύσῃ</span> <span class='ocrx_word' id='word_1_792' title='bbox 3008 4717 3078 4771; x_wconf 81' lang='grc' dir='ltr'>τά</span> <span class='ocrx_word' id='word_1_793' title='bbox 3112 4717 3409 4787; x_wconf 88' lang='grc' dir='ltr'>κατέχοντα</span> <span class='ocrx_word' id='word_1_794' title='bbox 3434 4715 3532 4768; x_wconf 91' lang='grc' dir='ltr'>νῦν</span> <span class='ocrx_word' id='word_1_795' title='bbox 3562 4713 3722 4776; x_wconf 80' lang='grc' dir='ltr'>κακὰ,</span> 
     </span>
    </p>
   </div>
   <div class='ocr_carea' id='block_1_107' title="bbox 2149 4805 3724 4883">
    <p class='ocr_par' dir='ltr' id='par_1_107' title="bbox 2149 4805 3724 4883">
     <span class='ocr_line' id='line_1_107' title="bbox 2149 4805 3724 4883; baseline -0.007 -17"><span class='ocrx_word' id='word_1_796' title='bbox 2149 4813 2245 4866; x_wconf 76' lang='grc' dir='ltr'>καὶ</span> <span class='ocrx_word' id='word_1_797' title='bbox 2290 4810 2491 4883; x_wconf 80' lang='grc' dir='ltr'>πολλὴν</span> <span class='ocrx_word' id='word_1_798' title='bbox 2535 4811 2794 4883; x_wconf 80' lang='grc' dir='ltr'>παράσχῃ</span> <span class='ocrx_word' id='word_1_799' title='bbox 2823 4809 2918 4863; x_wconf 69' lang='grc' dir='ltr'>καὶ</span> <span class='ocrx_word' id='word_1_800' title='bbox 2949 4807 3170 4879; x_wconf 83' lang='grc' dir='ltr'>βαθεῖαν</span> <span class='ocrx_word' id='word_1_801' title='bbox 3206 4811 3272 4879; x_wconf 84' lang='grc' dir='ltr'>τῇ</span> <span class='ocrx_word' id='word_1_802' title='bbox 3311 4805 3612 4877; x_wconf 75' lang='grc' dir='ltr'>Ἐκκλησία</span> <span class='ocrx_word' id='word_1_803' title='bbox 3651 4805 3724 4857; x_wconf 86' lang='grc' dir='ltr'>εί-</span> 
     </span>
    </p>
   </div>
   <div class='ocr_carea' id='block_1_108' title="bbox 2091 4898 3722 4978">
    <p class='ocr_par' dir='ltr' id='par_1_108' title="bbox 2091 4898 3722 4978">
     <span class='ocr_line' id='line_1_108' title="bbox 2091 4898 3722 4978; baseline -0.006 -20"><span class='ocrx_word' id='word_1_804' title='bbox 2091 4925 2094 4930; x_wconf 94' lang='grc'>·</span> <span class='ocrx_word' id='word_1_805' title='bbox 2151 4907 2340 4978; x_wconf 84' lang='grc' dir='ltr'>ρήνην.</span> <span class='ocrx_word' id='word_1_806' title='bbox 2365 4905 2514 4968; x_wconf 92' lang='grc' dir='ltr'>Τέως</span> <span class='ocrx_word' id='word_1_807' title='bbox 2544 4904 2746 4974; x_wconf 89' lang='grc' dir='ltr'>μέντοι,</span> <span class='ocrx_word' id='word_1_808' title='bbox 2772 4904 2909 4974; x_wconf 84' lang='grc' dir='ltr'>ὅπερ</span> <span class='ocrx_word' id='word_1_809' title='bbox 2935 4902 3027 4955; x_wconf 71' lang='grc' dir='ltr'>καὶ</span> <span class='ocrx_word' id='word_1_810' title='bbox 3060 4899 3367 4972; x_wconf 77' lang='grc' dir='ltr'>ἔμπροσθεν</span> <span class='ocrx_word' id='word_1_811' title='bbox 3396 4898 3722 4962; x_wconf 81' lang='grc' dir='ltr'>ἐπέσταλκα,</span> 
     </span>
    </p>
   </div>
   <div class='ocr_carea' id='block_1_109' title="bbox 2150 4987 3723 5066">
    <p class='ocr_par' dir='ltr' id='par_1_109' title="bbox 2150 4987 3723 5066">
     <span class='ocr_line' id='line_1_109' title="bbox 2150 4987 3723 5066; baseline -0.008 -14"><span class='ocrx_word' id='word_1_812' title='bbox 2150 4996 2326 5052; x_wconf 87' lang='grc' dir='ltr'>πάντα</span> <span class='ocrx_word' id='word_1_813' title='bbox 2380 4995 2666 5066; x_wconf 86' lang='grc' dir='ltr'>ποιήσατε,</span> <span class='ocrx_word' id='word_1_814' title='bbox 2705 4993 2845 5046; x_wconf 84' lang='grc' dir='ltr'>ὥστε</span> <span class='ocrx_word' id='word_1_815' title='bbox 2890 4991 3155 5064; x_wconf 78' lang='grc' dir='ltr'>ἀναϐολήν</span> <span class='ocrx_word' id='word_1_816' title='bbox 3191 5008 3312 5044; x_wconf 92' lang='grc' dir='ltr'>τινα</span> <span class='ocrx_word' id='word_1_817' title='bbox 3358 4989 3609 5058; x_wconf 75' lang='grc' dir='ltr'>γενέσθαι</span> <span class='ocrx_word' id='word_1_818' title='bbox 3651 4987 3723 5058; x_wconf 77' lang='grc' dir='ltr'>τῷ</span> 
     </span>
    </p>
   </div>
   <div class='ocr_carea' id='block_1_110' title="bbox 2149 5075 3725 5159">
    <p class='ocr_par' dir='ltr' id='par_1_110' title="bbox 2149 5075 3725 5159">
     <span class='ocr_line' id='line_1_110' title="bbox 2149 5075 3725 5159; baseline -0.006 -19"><span class='ocrx_word' id='word_1_819' title='bbox 2149 5087 2455 5159; x_wconf 82' lang='grc' dir='ltr'>πράγματι,</span> <span class='ocrx_word' id='word_1_820' title='bbox 2489 5085 2584 5138; x_wconf 75' lang='grc' dir='ltr'>καὶ</span> <span class='ocrx_word' id='word_1_821' title='bbox 2623 5085 2804 5156; x_wconf 85' lang='grc' dir='ltr'>γράφε</span> <span class='ocrx_word' id='word_1_822' title='bbox 2844 5086 2974 5156; x_wconf 87' lang='grc' dir='ltr'>ἡμῖν</span> <span class='ocrx_word' id='word_1_823' title='bbox 3003 5083 3262 5154; x_wconf 88' lang='grc' dir='ltr'>συνεχῶς,</span> <span class='ocrx_word' id='word_1_824' title='bbox 3292 5081 3398 5145; x_wconf 75' lang='grc' dir='ltr'>ἕως</span> <span class='ocrx_word' id='word_1_825' title='bbox 3427 5079 3494 5134; x_wconf 83' lang='grc' dir='ltr'>ἀν</span> <span class='ocrx_word' id='word_1_826' title='bbox 3535 5075 3602 5154; x_wconf 79' lang='grc' dir='ltr'>ᾗς</span> <span class='ocrx_word' id='word_1_827' title='bbox 3635 5079 3725 5134; x_wconf 80' lang='grc' dir='ltr'>αὑ-</span> 
     </span>
    </p>
   </div>
   <div class='ocr_carea' id='block_1_111' title="bbox 2147 5182 2282 5236">
    <p class='ocr_par' dir='ltr' id='par_1_111' title="bbox 2147 5182 2282 5236">
     <span class='ocr_line' id='line_1_111' title="bbox 2147 5182 2282 5236; baseline 0 0"><span class='ocrx_word' id='word_1_828' title='bbox 2147 5182 2282 5236; x_wconf 85' lang='grc' dir='ltr'>τόθι.</span> 
     </span>
    </p>
   </div>
   <div class='ocr_carea' id='block_1_112' title="bbox 2147 5287 3717 5379">
    <p class='ocr_par' dir='ltr' id='par_1_112' title="bbox 2147 5287 3717 5379">
     <span class='ocr_line' id='line_1_112' title="bbox 2147 5287 3717 5379; baseline -0.008 -29"><span class='ocrx_word' id='word_1_829' title='bbox 2147 5296 2274 5350; x_wconf 86' lang='grc' dir='ltr'>ΣΖ’.</span> <span class='ocrx_word' id='word_1_830' title='bbox 2315 5296 2440 5362; x_wconf 84' lang='grc' dir='ltr'>Τοῖς</span> <span class='ocrx_word' id='word_1_831' title='bbox 2470 5294 2796 5365; x_wconf 79' lang='grc' dir='ltr'>μονάζουσι</span> <span class='ocrx_word' id='word_1_832' title='bbox 2835 5295 3082 5379; x_wconf 66' lang='grc' dir='ltr'>Γᾴτθοις</span> <span class='ocrx_word' id='word_1_833' title='bbox 3125 5291 3248 5357; x_wconf 85' lang='grc' dir='ltr'>τοῖς</span> <span class='ocrx_word' id='word_1_834' title='bbox 3297 5292 3366 5346; x_wconf 78' lang='grc' dir='ltr'>ἐν</span> <span class='ocrx_word' id='word_1_835' title='bbox 3406 5287 3530 5352; x_wconf 83' lang='grc' dir='ltr'>τοῖς</span> <span class='ocrx_word' id='word_1_836' title='bbox 3577 5289 3717 5356; x_wconf 83' lang='grc' dir='ltr'>Προ-</span> 
     </span>
    </p>
   </div>
   <div class='ocr_carea' id='block_1_113' title="bbox 2824 5381 3045 5434">
    <p class='ocr_par' dir='ltr' id='par_1_113' title="bbox 2824 5381 3045 5434">
     <span class='ocr_line' id='line_1_113' title="bbox 2824 5381 3045 5434; baseline 0.009 -18"><span class='ocrx_word' id='word_1_837' title='bbox 2824 5381 3045 5434; x_wconf 82' lang='grc' dir='ltr'>μωτου.</span> 
     </span>
    </p>
   </div>
   <div class='ocr_carea' id='block_1_114' title="bbox 2222 5474 3713 5550">
    <p class='ocr_par' dir='ltr' id='par_1_114' title="bbox 2222 5474 3713 5550">
     <span class='ocr_line' id='line_1_114' title="bbox 2222 5474 3713 5550; baseline -0.005 -16"><span class='ocrx_word' id='word_1_838' title='bbox 2222 5480 2435 5548; x_wconf 85' lang='grc' dir='ltr'>Ἐγνων</span> <span class='ocrx_word' id='word_1_839' title='bbox 2477 5479 2572 5532; x_wconf 73' lang='grc' dir='ltr'>καὶ</span> <span class='ocrx_word' id='word_1_840' title='bbox 2611 5478 2718 5550; x_wconf 84' lang='grc' dir='ltr'>πρὸ</span> <span class='ocrx_word' id='word_1_841' title='bbox 2755 5477 2862 5531; x_wconf 93' lang='grc' dir='ltr'>τῶν</span> <span class='ocrx_word' id='word_1_842' title='bbox 2907 5477 3248 5548; x_wconf 87' lang='grc' dir='ltr'>γραμμάτων</span> <span class='ocrx_word' id='word_1_843' title='bbox 3289 5476 3398 5531; x_wconf 91' lang='grc' dir='ltr'>τῶν</span> <span class='ocrx_word' id='word_1_844' title='bbox 3446 5474 3713 5548; x_wconf 81' lang='grc' dir='ltr'>ὑμετέρων</span> 
     </span>
    </p>
   </div>
   <div class='ocr_carea' id='block_1_115' title="bbox 2209 5695 3222 5760">
    <p class='ocr_par' dir='ltr' id='par_1_115' title="bbox 2209 5695 3222 5760">
     <span class='ocr_line' id='line_1_115' title="bbox 2209 5695 3222 5760; baseline -0.006 -12"><span class='ocrx_word' id='word_1_845' title='bbox 2209 5702 2232 5760; x_wconf 71' lang='lat' dir='ltr'>&#39;j‘</span> <span class='ocrx_word' id='word_1_846' title='bbox 2257 5697 2456 5748; x_wconf 82' lang='lat' dir='ltr'>Coislin.</span> <span class='ocrx_word' id='word_1_847' title='bbox 2481 5701 2535 5760; x_wconf 63' lang='lat' dir='ltr'>et</span> <span class='ocrx_word' id='word_1_848' title='bbox 2559 5695 2746 5760; x_wconf 62' lang='lat' dir='ltr'>Fabric.</span> <span class='ocrx_word' id='word_1_849' title='bbox 2773 5698 2854 5745; x_wconf 86' lang='grc' dir='ltr'>καὶ</span> <span class='ocrx_word' id='word_1_850' title='bbox 2876 5699 3002 5760; x_wconf 70' lang='grc' dir='ltr'>ἡμᾶς</span> <span class='ocrx_word' id='word_1_851' title='bbox 3023 5699 3222 5760; x_wconf 82' lang='grc' dir='ltr'>ταχέως.</span> 
     </span>
    </p>
   </div>
   <div class='ocr_carea' id='block_1_116' title="bbox 2205 5747 3562 5821">
    <p class='ocr_par' dir='ltr' id='par_1_116' title="bbox 2205 5747 3562 5821">
     <span class='ocr_line' id='line_1_116' title="bbox 2205 5747 3562 5821; baseline -0.001 -15"><span class='ocrx_word' id='word_1_852' title='bbox 2205 5759 2234 5800; x_wconf 80' lang='lat' dir='ltr'><strong>d</strong></span> <span class='ocrx_word' id='word_1_853' title='bbox 2259 5747 2409 5808; x_wconf 70' lang='lat' dir='ltr'>Vane.</span> <span class='ocrx_word' id='word_1_854' title='bbox 2437 5765 2491 5807; x_wconf 79' lang='lat' dir='ltr'>et</span> <span class='ocrx_word' id='word_1_855' title='bbox 2509 5758 2659 5806; x_wconf 78' lang='lat' dir='ltr'>Savil.</span> <span class='ocrx_word' id='word_1_856' title='bbox 2697 5758 2816 5820; x_wconf 74' lang='grc' dir='ltr'>Ὀψὲ</span> <span class='ocrx_word' id='word_1_857' title='bbox 2841 5747 2923 5818; x_wconf 68' lang='grc' dir='ltr'>μεν</span> <span class='ocrx_word' id='word_1_858' title='bbox 2949 5747 3315 5821; x_wconf 16' lang='grc' dir='ltr'>ἐπιστῖὶλωγκαί</span> <span class='ocrx_word' id='word_1_859' title='bbox 3338 5755 3562 5821; x_wconf 46' lang='grc' dir='ltr'>βραδέως,</span> 
     </span>
    </p>
   </div>
   <div class='ocr_carea' id='block_1_117' title="bbox 2212 5819 3272 5884">
    <p class='ocr_par' dir='ltr' id='par_1_117' title="bbox 2212 5819 3272 5884">
     <span class='ocr_line' id='line_1_117' title="bbox 2212 5819 3272 5884; baseline -0.007 -10"><span class='ocrx_word' id='word_1_860' title='bbox 2212 5827 2232 5854; x_wconf 70' lang='grc'><strong><em>⁸</em></strong></span> <span class='ocrx_word' id='word_1_861' title='bbox 2257 5823 2456 5874; x_wconf 76' lang='lat' dir='ltr'>Coisliu.</span> <span class='ocrx_word' id='word_1_862' title='bbox 2482 5819 2782 5884; x_wconf 78' lang='grc' dir='ltr'>λυμαίνεσθαι</span> <span class='ocrx_word' id='word_1_863' title='bbox 2801 5823 2884 5876; x_wconf 72' lang='grc' dir='ltr'>τὰς</span> <span class='ocrx_word' id='word_1_864' title='bbox 2905 5819 3156 5880; x_wconf 78' lang='grc' dir='ltr'>ἐκκλησίας</span> <span class='ocrx_word' id='word_1_865' title='bbox 3175 5820 3272 5877; x_wconf 78' lang='grc' dir='ltr'>τάς.</span> 
     </span>
    </p>
   </div>
  </div>
