3950 6376
229 374 336 431 795

224 489 322 545 sed
366 505 474 562 pra:
521 491 688 548 nimio
729 492 924 565 gaudio
965 508 1029 550 ac
1073 493 1253 550 laetitia
1280 504 1513 566 gestiens
1537 535 1551 560 ,
1596 502 1650 549 et
1691 492 1822 548 inci-

228 591 392 639 tatus.
425 583 618 638 Multos
645 586 786 640 enim
828 601 1043 651 eorum,
1080 588 1166 656 qui
1215 588 1335 640 istic
1375 594 1531 648 sunt,
1565 594 1716 656 potes
1744 587 1825 640 vel

223 671 342 728 sola
388 678 671 745 prmsentia
716 687 801 731 tua
849 678 1126 733 meliorem
1174 679 1242 733 ad
1288 678 1492 749 frugem
1525 679 1820 743 traducere,

228 766 484 836 ﬁrmare,
532 769 839 838 instruere,
891 772 1259 826 corroborare.
1325 771 1457 826 Novi
1513 787 1610 842 ego
1663 787 1825 842 quam

229 873 360 914 acer
387 859 616 913 bellator
655 863 752 923 sis,
775 861 899 914 novi
925 876 1085 930 quam
1125 863 1287 916 multa
1317 871 1463 932 gesta
1492 862 1600 916 sint
1637 861 1756 916 iStic
1796 875 1826 914 a

227 960 281 1005 te
309 951 569 1021 prteclara
592 949 846 1019 facinora,
867 953 987 1006 novi
1016 954 1209 1020 zelum,
1235 953 1584 1023 vigilantiam,
1612 967 1824 1019 cursus,

229 1046 425 1100 anima:
453 1045 710 1111 laborem,
741 1045 1009 1112 ﬁduciam,
1056 1047 1380 1114 libertatem,
1413 1063 1514 1116 qua
1560 1047 1827 1116 episcopis

231 1139 496 1205 restitisti,
529 1153 650 1192 cum
700 1147 906 1208 tempus
934 1139 986 1193 id
1015 1140 1346 1210 requireret,
1378 1139 1590 1194 tametsi
1615 1154 1737 1194 cum
1763 1154 1827 1194 ea

233 1245 333 1299 qua
365 1229 544 1285 decuit
570 1229 951 1285 moderatione.
999 1232 1075 1286 Ac
1099 1230 1380 1285 laudabam
1417 1240 1477 1286 te
1505 1231 1718 1301 quidem
1759 1231 1828 1285 ob

230 1324 349 1380 haec
380 1333 522 1379 tanta
551 1333 722 1395 gesta,
741 1325 910 1379 multo
942 1340 1070 1379 vero
1091 1325 1320 1395 amplius
1348 1340 1510 1390 nunc,
1533 1339 1677 1392 cum,
1705 1323 1830 1378 licet

231 1416 529 1472 nemoistie
551 1425 602 1470 te
631 1417 864 1486 adjuvet,
921 1416 1014 1471 sed
1045 1416 1134 1470 alii
1171 1414 1435 1487 fugerint,
1480 1416 1572 1470 alii
1611 1415 1830 1484 relegati

231 1511 363 1578 sint,
390 1511 482 1565 alii
521 1525 638 1566 sese
665 1510 986 1578 abdiderint,
1019 1521 1074 1566 tu
1107 1511 1158 1566 in
1199 1512 1314 1567 acie
1341 1512 1489 1566 solus
1515 1519 1644 1574 stes,
1679 1510 1828 1578 ejus-

231 1619 340 1675 que
361 1604 594 1659 frontem
622 1619 803 1671 ornes,
837 1619 935 1660 nec
961 1605 1127 1659 ullum
1145 1594 1360 1660 ordinis'
1376 1604 1706 1660 desertorem
1735 1603 1832 1658 lie-

231 1697 282 1751 ri
294 1697 460 1765 sinas,
491 1696 583 1751 sed
600 1711 694 1750 eos
710 1696 870 1750 etiam
891 1695 980 1766 qui
1000 1695 1426 1752 adversariorum
1441 1704 1622 1764 partes
1638 1708 1832 1764 seque—

229 1788 449 1854 bantur,
480 1788 714 1858 quotidie
738 1787 804 1842 ad
835 1797 951 1843 tuas
978 1788 1109 1842 mira
1132 1787 1392 1842 suavitate
1423 1786 1691 1841 traducas.
1721 1784 1829 1840 Ne-

229 1897 340 1954 que
363 1891 415 1936 te
443 1893 657 1952 propter
686 1881 801 1938 hare
831 1881 993 1936 laudo
1023 1890 1248 1950 tantum,
1289 1881 1384 1937 sed
1413 1882 1576 1938 etiam
1604 1881 1746 1952 quod
1777 1881 1830 1936 in

232 1989 344 2030 uno
374 1974 695 2029 constitutus
730 1975 872 2041 loco,
907 1974 1137 2030 universi
1169 1983 1436 2030 terrarum
1474 1975 1625 2030 orbis
1646 1989 1830 2029 curam

229 2081 412 2137 geras,
435 2066 748 2134 Palmstinaa,
773 2065 1080 2133 Phoenicim,
1107 2067 1306 2123 Cilicia:
1328 2067 1687 2138 negotiorum,
1712 2083 1834 2138 qua:

233 2158 574 2227 potissimum
612 2172 801 2212 curare
828 2157 1014 2212 debes.
1045 2157 1178 2212 Nam
1208 2157 1478 2213 Palaestini
1507 2158 1721 2228 quidem
1770 2172 1835 2213 ac

232 2249 541 2316 Phoenices,
574 2259 631 2305 ut
651 2249 818 2319 probe
847 2249 992 2317 novi,
1015 2249 1288 2305 hominem
1310 2250 1457 2305 illum
1483 2249 1550 2304 ab
1577 2250 1834 2306 adversa-

233 2342 334 2396 riis
361 2343 584 2396 missum
611 2358 719 2397 non
749 2342 1107 2407 admiserunt;
1137 2342 1390 2414 IEgensis
1420 2352 1598 2399 autem
1625 2351 1680 2398 et
1699 2343 1833 2398 Tar-
1875 2355 1878 2358 '

230 2433 413 2488 sensis
447 2447 476 2486 a
506 2433 748 2504 partibus
777 2433 986 2490 illorum
1017 2443 1180 2502 stant,
1210 2442 1271 2490 ut
1297 2434 1498 2503 audivi,
1543 2441 1599 2490 et
1650 2434 1834 2489 admo-

235 2528 357 2581 nuit
368 2527 650 2598 quemdam
669 2544 734 2583 ex
763 2529 950 2584 amicis
965 2529 1166 2584 nostris
1191 2529 1594 2585 Castabalorum
1618 2528 1695 2601 (a)
1719 2531 1836 2600 epi-

231 2635 435 2689 scopus
459 2661 475 2686 ,
505 2621 650 2691 ipsos
669 2635 699 2674 a
721 2619 1322 2690 Constantinopolitanis
1343 2623 1458 2690 cogi
1489 2621 1700 2676 illorum
1730 2621 1836 2675 ini-

233 2713 430 2784 quitati
455 2713 727 2780 assentiri,
758 2714 851 2768 sed
876 2715 1088 2768 interim
1113 2723 1289 2768 tamen
1312 2714 1584 2768 resistere.
1614 2711 1832 2768 Multam

236 2806 401 2877 igitur
428 2805 686 2861 adhibeas
737 2805 1149 2861 sollicitudinem
1211 2813 1449 2875 Oportet,
1509 2805 1835 2874 vigilantiam

237 2898 488 2963 multam,
517 2908 576 2953 ut
602 2899 727 2954 huic
763 2915 975 2970 quoque
1006 2900 1140 2968 parti
1173 2898 1469 2954 remedium
1498 2897 1688 2952 afferas
1711 2937 1726 2965 ,
1783 2905 1840 2952 et

238 2991 310 3047 ad
338 2991 721 3046 consobrinum
761 3002 931 3058 tuum,
965 2992 1240 3046 dominum
1285 3006 1462 3046 meum
1493 2990 1835 3046 Theodorum

238 3089 552 3155 episcopum
595 3085 820 3138 scribas.
876 3084 1004 3152 Qua:
1055 3083 1123 3138 ad
1169 3083 1507 3141 Pharetrium
1550 3091 1834 3152 spectant,

239 3175 466 3229 molesta
489 3173 643 3230 valde
671 3183 798 3229 sunt
837 3185 891 3229 et
929 3175 1098 3228 tristia
1137 3182 1542 3229 :verumtamen
1577 3188 1699 3228 cum
1720 3174 1837 3244 ejus

238 3265 542 3337 presbyteri
564 3282 737 3335 neque
757 3266 1133 3321 commercium
1162 3276 1216 3320 et
1249 3265 1688 3321 consuetudinem
1715 3281 1837 3320 cum

239 3359 566 3416 adversariis
583 3361 886 3430 habuerint,
915 3372 972 3416 ut
995 3362 1096 3431 ais,
1119 3377 1293 3433 neque
1322 3378 1442 3418 cum
1469 3363 1572 3418 illis
1596 3378 1842 3419 commu-

241 3453 428 3508 nieare
455 3455 756 3521 Statuerint,
780 3454 897 3520 sed,
930 3463 988 3509 ut
1008 3455 1210 3519 dicunt,
1245 3455 1418 3510 adhuc
1447 3464 1592 3511 stent
1611 3470 1640 3510 a
1667 3456 1837 3525 parti-

243 3546 348 3600 bus
371 3546 588 3608 nostris,
609 3544 744 3599 nihil
772 3545 963 3600 horum
991 3561 1110 3600 cum
1137 3546 1241 3600 illis
1257 3547 1620 3601 communices
1647 3562 1842 3617 :quan—

241 3637 532 3708 doquidem
561 3653 682 3708 qua:
729 3637 782 3692 in
821 3652 920 3693 nos
953 3640 1222 3694 commisit
1263 3639 1596 3704 Pharetrius,
1635 3640 1836 3696 nullam

242 3729 468 3783 omnino
497 3731 708 3784 veniam
738 3738 1034 3784 merentur.
1067 3729 1256 3784 Clerus
1284 3739 1430 3785 certe
1456 3731 1624 3800 ipsius
1661 3733 1839 3787 omnis

243 3832 302 3876 et
320 3836 464 3891 aegre
491 3821 718 3888 ferebat,
741 3829 796 3877 et
824 3822 1088 3892 gemebat,
1120 3837 1182 3877 ac
1212 3831 1353 3876 totus
1401 3824 1452 3877 in
1478 3833 1687 3879 nostras
1717 3841 1845 3896 par-

243 3923 330 3969 tes
361 3913 540 3968 animo
570 3914 850 3969 transibat.
881 3913 988 3969 Sed
1019 3929 1086 3969 ne
1115 3913 1251 3969 forte
1289 3914 1344 3968 in
1378 3929 1539 3970 causa
1564 3916 1750 3983 simus,
1783 3926 1842 3972 ut

243 4006 302 4061 bi
332 4007 594 4074 resiliant,
624 4015 680 4062 et
705 4008 1005 4076 asperiores
1032 4007 1344 4073 reddantur,
1406 4007 1494 4063 ubi
1535 4017 1728 4063 cuneta
1775 4025 1842 4063 ex

244 4099 486 4172 priefecti
513 4101 768 4157 militibus
792 4101 1126 4171 cognoveris,
1156 4117 1217 4156 ea
1250 4101 1390 4173 apud
1426 4111 1478 4156 te
1501 4102 1747 4168 contine,
1778 4117 1842 4158 ac

243 4193 653 4262 perhumaniter
677 4193 798 4248 illos
820 4201 1022 4259 tracta;
1054 4194 1177 4248 novi
1205 4196 1401 4265 quippe
1416 4210 1575 4265 quam
1606 4195 1842 4265 prudens

239 4287 323 4340 sis
353 4299 415 4339 ae
436 4283 689 4354 providus
707 4326 721 4351 ,
754 4285 908 4354 eique
927 4284 1192 4355 significa,
1219 4300 1317 4341 nos
1342 4302 1553 4356 quoque
1574 4287 1844 4344 audivisse

243 4378 477 4433 multum
523 4377 693 4447 ipsum
725 4378 789 4432 iis
817 4393 936 4448 qua:
962 4378 1300 4448 contigerant
1329 4377 1642 4445 indoluisse,
1661 4393 1721 4434 ac
1749 4394 1843 4448 pa-

245 4476 428 4525 ratum
463 4468 625 4524 fuisse
649 4469 860 4539 quidvis
891 4470 1022 4538 pati,
1068 4478 1123 4523 ut
1151 4469 1328 4523 omnia
1359 4469 1444 4523 illa
1489 4485 1608 4540 quae
1638 4469 1844 4526 nefarie

243 4569 377 4617 sunt
397 4568 600 4631 patrata
625 4560 971 4616 sarcirentur.
1013 4559 1178 4616 Nobis
1218 4575 1412 4630 corpus
1453 4561 1653 4632 Optime
1681 4562 1842 4628 valet,

246 4669 317 4710 ac
343 4653 598 4723 reliquias
620 4654 795 4710 morbi
825 4653 1124 4725 depulimus
1147 4670 1161 4706 :
1187 4669 1306 4709 cum
1329 4670 1458 4710 vero
1475 4656 1568 4709 tibi
1591 4655 1690 4710 hoc
1712 4671 1845 4726 quo.

251 4761 361 4817 que
387 4762 532 4802 cura:
555 4761 678 4803 esse
706 4748 1024 4818 cogitamus,
1051 4762 1161 4803 non
1187 4745 1511 4803 mediocrem
1553 4747 1713 4802 etiam
1743 4763 1844 4803 no-

251 4841 342 4896 bis
368 4840 701 4897 occasionem
730 4842 781 4896 id
803 4841 958 4896 aﬂ‘ert
977 4843 1240 4905 sanitatis,
1261 4841 1402 4912 quod
1425 4849 1530 4896 tam
1552 4840 1847 4897 vehemen-

249 4940 366 4988 tem
391 4942 682 4989 amatorem
707 4933 848 4988 nacti
863 4934 1052 4988 simus.
1095 4933 1234 4989 Deus
1261 4933 1352 4988 tibi
1377 4933 1503 4988 tanti
1531 4933 1714 5002 studii,
1750 4947 1846 4990 ca-

248 5026 451 5092 ritatis,
479 5025 602 5093 zeli,
623 5025 910 5098 vigilantiae
936 5025 1257 5095 mercedem,
1304 5041 1424 5082 cum
1453 5027 1506 5080 in
1537 5024 1639 5080 hoc
1659 5064 1676 5092 ,
1733 5034 1845 5080 tum

325 5159 396 5221 (a)
422 5159 543 5221 Reg.
560 5165 618 5221 et
633 5157 856 5221 Co:sl_m_.,
875 5157 1200 5221 Kaq‘ra6d).a_w
1215 5153 1641 5221 (Castabaforttm);
1657 5154 1813 5221 Vatic.
1824 5191 1840 5216 ,

257 5215 561 5283 ﬁdem...
602 5215 1088 5283 memoratarum,“
1111 5215 1493 5283 admarginem‘
1509 5215 1843 5283 iraa-raw.»

258 5282 572 5333 emendatur.
601 5278 814 5338 Fabric,
846 5280 1129 5327 Καστάλων.
1158 5278 1351 5337 Morel.,
1394 5279 1638 5326 Γαϐάλων.
1685 5281 1842 5337 Quam

261 5342 534 5411 lectionem
556 5339 908 5411 expunximus,
941 5353 1037 5387 non
1062 5339 1206 5387 modo
1229 5341 1522 5411 auctoritate
1569 5339 1680 5387 Mss.
1707 5352 1841 5411 pene

259 5404 508 5466 omnium,
531 5405 618 5450 sed
643 5402 796 5451 etiam
817 5402 930 5468 quia
961 5414 1070 5450 cum
1097 5414 1212 5468 vera
1243 5402 1440 5468 historia
1479 5408 1725 5468 pugnaret
1749 5403 1844 5468 lia-

257 5473 329 5536 ba
352 5460 927 5536 o'rum'episcopum,’qu‘i
955 5471 1073 5512 tunc
1095 5460 1400 5536 Severianus
1425 5460 1718 5536 eratiinter
1744 5465 1846 5524 prl-

255 5527 526 5588 mipilares
550 5527 858 5576 inimicorum
879 5527 1351 5588 Chrysostomitune
1373 5527 1586 5588 magime
1611 5537 1845 5588 numera-

258 5583 370 5650 tus',
394 5593 515 5637 clam
536 5591 782 5637 monuisse
806 5583 991 5637 amicos
1008 5586 1150 5636 illius
1172 5584 1265 5636 sibi
1284 5586 1382 5650 vim
1401 5585 1590 5650 inferri,
1616 5595 1670 5634 ut
1689 5583 1849 5647 gestis

257 5647 371 5704 illis
383 5658 558 5717 contra
570 5651 1272 5717 _(_lltrj:sostomumnatiniteret,
1297 5647 1385 5696 sed
1407 5648 1842 5717 hactenusdatnneu

261 5710 684 5778 restitisse.'l'lrat
701 5712 855 5778 igitur
878 5709 1345 5778 bic‘Qastabalot-um
1369 5711 1628 5778 episcopus
1634 5709 1705 5778 _in
1727 5709 1848 5759 Cili-

263 5774 485 5834 cia,qui
512 5770 662 5834 etiam
703 5769 784 5820 hic
806 5784 916 5820 cum
939 5769 1050 5819 aliis
1089 5769 1274 5823 Ciliciae
1313 5769 1575 5834 epiScopis,
1615 5769 1852 5833 IEgarum

267 5833 472 5886 scrlicet
496 5840 550 5885 et
571 5833 730 5894 Tarsi,
758 5838 1071 5883 recensetur.

1737 377 2110 439 EPISTULA].

3419 389 3526 446 726

1944 496 1996 552 in
2020 479 2197 552 futuro
2219 499 2418 556 sarculo
2442 501 2720 568 retribuat,
2745 511 2903 573 teque
2931 502 3154 571 muniat,
3185 515 3444 575 protegat,
3473 516 3527 561 et

1932 592 2218 658 custodiat,
2246 601 2408 663 atque
2435 609 2628 649 arcana
2659 596 2746 651 illa
2792 597 2930 651 bona
2964 597 3055 650 tibi
3087 597 3531 667 largi-itur.Faxit

1934 700 2114 743 autem
2140 697 2245 758 ,ut
2275 704 2373 744 nos
2420 706 2632 760 quoque
2657 691 3100 760 jueundissimam
3149 691 3340 745 faciem
3381 698 3524 746 tuam

1937 780 2128 834 intueri
2159 783 2552 852 qttamprimum
2584 784 2871 852 possimus,
2903 783 3044 837 dulci
3073 783 3249 837 anima
3291 793 3377 837 tua
3427 798 3527 853 po-

1936 873 2044 938 tiri,
2075 889 2136 928 ac
2164 873 2581 943 pulcherrimum
2605 876 2706 930 hoc
2733 875 2928 930 festum
2957 892 3134 947 agere.
3169 877 3285 932 Non
3311 877 3452 932 enim
3476 887 3530 932 te

1936 965 2065 1020 latet
2087 981 2185 1035 pro
2216 965 2352 1021 festo
2381 983 2443 1023 ac
2476 969 2815 1024 solemnitate
2843 984 2940 1024 nos
2984 969 3202 1035 habere,
3237 980 3294 1025 ut
3318 973 3529 1025 suavis-

1935 1057 2072 1112 simo
2106 1058 2392 1128 multisque
2431 1060 2585 1114 bonis
2614 1061 2931 1115 redundanti
2970 1076 3260 1132 congressu
3304 1069 3395 1117 tuo
3440 1063 3528 1117 di-

1934 1163 2182 1219 gnemur,
2225 1161 2278 1205 et
2300 1167 2490 1206 rursus
2513 1153 2773 1208 fruamur.

2007 1240 2163 1295 CCV.
2194 1242 2430 1297 Anatolio
2470 1245 2813 1314 prtefcctiano.
2847 1245 3086 1317 (Cucuso
3123 1261 3264 1300 anno
3290 1245 3454 1315 405.)

2005 1335 2142 1392 Sero
2165 1337 2380 1408 quidem
2404 1347 2459 1392 et
2487 1354 2653 1410 pauca
2676 1339 2740 1393 ad
2771 1341 3099 1394 nobilitatem
3135 1349 3280 1394 tuam
3311 1339 3528 1394 scribo:

1937 1437 2305 1483 verumtamen
2337 1445 2440 1484 non
2489 1431 2831 1501 negligentia,
2886 1431 2980 1486 sed
3011 1431 3214 1500 prolixa
3269 1432 3528 1502 aegritudo

1938 1523 2178 1591 corporis
2201 1521 2399 1576 silentii
2430 1538 2646 1578 causam
2673 1524 2851 1578 attulit
2885 1540 2900 1578 :
2941 1523 3135 1593 alioqui
3161 1534 3418 1594 perpetuo
3442 1540 3533 1578 ca-

1937 1617 2093 1670 ritate
2121 1615 2351 1670 devincti
2381 1625 2553 1671 tecum
2581 1632 2788 1683 sumus,
2823 1625 3006 1687 utpote
3023 1616 3215 1687 quibus
3246 1626 3528 1687 perspecta

1937 1710 2006 1764 sit
2047 1711 2286 1764 caritatis
2315 1719 2419 1764 tute
2445 1711 2747 1777 sinceritas,
2774 1719 2830 1765 et
2859 1711 3192 1781 ingenuitas,
3223 1711 3426 1766 candor
3468 1725 3532 1767 ac

1940 1807 2141 1872 puritas
2162 1805 2325 1859 animi
2359 1807 2452 1860 tui.
2478 1807 2662 1878 Neque
2687 1808 2983 1863 desinimus
3011 1808 3151 1878 apud
3173 1823 3361 1862 omnes
3377 1823 3528 1861 amo-

1937 1911 2053 1951 rem
2083 1897 2398 1968 praedicare,
2443 1915 2602 1970 quem
2661 1916 2784 1972 erga
2827 1915 2926 1956 nos
2968 1902 3084 1954 sine
3135 1901 3535 1954 intermissione

1941 2003 2046 2042 non
2077 1997 2368 2057 prmsentes
2393 1990 2587 2055 solum,
2625 1991 2716 2046 sed
2744 1991 2907 2046 etiam
2935 1991 3182 2046 absentes
3204 2007 3311 2061 prae
3337 2006 3394 2045 se
3419 1991 3535 2046 tulit

1941 2088 2027 2134 tua
2058 2081 2308 2136 nobilitas
2339 2099 2351 2134 :
2386 2098 2490 2137 non
2521 2084 2662 2139 enim
2691 2099 2786 2137 nos
2813 2083 2944 2154 fugit
2975 2094 3091 2155 post
3115 2085 3410 2139 discessum
3433 2100 3536 2138 no-

1940 2181 2131 2240 strum,
2161 2182 2355 2243 quanta
2388 2186 2568 2229 nostra
2591 2191 2747 2230 causa
2773 2177 2944 2232 facere
2961 2191 3023 2231 ac
3043 2177 3220 2231 dicere
3240 2177 3533 2232 studueris.

1943 2263 2082 2318 Deus
2118 2265 2209 2318 tibi
2231 2266 2359 2319 tanti
2383 2267 2543 2321 studii
2575 2268 2899 2335 mercedem,
2928 2285 3050 2324 cum
3099 2269 3151 2323 in
3185 2273 3304 2334 hoc,
3333 2278 3444 2322 tum
3476 2270 3528 2324 in

1941 2356 2120 2412 futuro
2143 2374 2259 2413 :evo
2289 2359 2570 2428 rependat.
2610 2360 2992 2416 Verumtamen
3026 2369 3084 2414 ut
3106 2360 3362 2430 majorem
3407 2360 3538 2414 hau-

1941 2450 2142 2506 riamus
2171 2451 2348 2506 animo
2373 2451 2721 2522 voluptatem,
2753 2469 2856 2506 non
2879 2453 3051 2508 solum
3073 2452 3197 2507 dum
3229 2451 3535 2520 scribimus,

1943 2545 2036 2599 sed
2068 2545 2227 2600 etiam
2254 2545 2381 2600 dum
2409 2545 2592 2602 literas
2619 2561 2648 2600 a
2703 2555 2790 2600 tua
2826 2547 3088 2601 suavitate
3115 2548 3306 2601 missas
3334 2547 3533 2617 accipi-

1943 2651 2084 2702 mus,
2125 2636 2284 2703 felici,
2313 2651 2514 2706 quaeso,
2545 2637 2612 2692 de
2641 2647 2728 2692 tua
2760 2637 3061 2692 valetudine
3091 2639 3276 2692 nuntio
3320 2652 3419 2692 nos
3439 2654 3538 2692 Eli-

1942 2727 2134 2794 hilara,
2175 2737 2233 2782 ut
2279 2729 2438 2783 etiam
2487 2729 2538 2783 in
2567 2729 2664 2783 hac
2700 2729 2954 2800 degentes
2979 2731 3265 2785 solitudine
3313 2731 3534 2785 multam

1943 2822 2364 2877 consolationem
2400 2823 2772 2892 percipiamus.
2803 2824 2858 2878 Si
2886 2825 3028 2878 enim
3059 2833 3162 2878 tuae
3194 2824 3431 2878 caritatis
3453 2839 3538 2878 re-

1943 2915 2203 2986 cipiamus
2241 2915 2542 2984 epistolam,
2585 2931 2705 2985 quae
2732 2915 2800 2970 de
2843 2925 2931 2969 tua
2959 2918 3184 2971 sanitate
3215 2924 3538 2986 tuorumque

1944 3007 2181 3061 omnium
2230 3007 2646 3078 propinquorum
2677 3008 2934 3063 certiores
2963 3021 3061 3062 nos
3109 3007 3297 3071 faciat,
3331 3006 3536 3072 multo,

1944 3101 2104 3156 etiam
2135 3100 2260 3156 dum
2290 3101 2344 3156 in
2374 3109 2555 3156 extera
2585 3101 2800 3172 regione
2826 3116 3135 3168 versamur,
3181 3100 3371 3157 solatio
3415 3114 3539 3170 pcr-

1945 3192 2204 3249 fruemur.

2054 3347 2134 3404 CC
2146 3347 2242 3403 Vl.
2298 3347 2562 3404 Theodulo
2591 3349 2824 3405 diacono.
2854 3345 3088 3420 (Cucuso
3112 3361 3254 3402 anno
3279 3343 3430 3417 404.)

2021 3482 2134 3538 Etsi
2166 3483 2342 3554 gravis
2362 3499 2504 3539 nunc
2525 3483 2720 3538 hiemis
2738 3483 2894 3537 saevit
2909 3482 3167 3552 asperitas
3185 3521 3198 3547 ,
3223 3490 3276 3536 et
3300 3480 3366 3535 ad
3395 3495 3541 3536 sum-

1947 3590 2095 3628 mum
2124 3574 2391 3644 fastigium
2422 3583 2504 3628 est
2533 3584 2744 3639 evecta,
2779 3588 2952 3641 neque
2976 3573 3139 3627 ullum
3182 3580 3398 3626 cessant
3425 3587 3541 3626 mo-

1947 3679 2073 3719 vere
2104 3663 2360 3742 lapidem,
2405 3664 2494 3734 qui
2527 3663 2796 3719 Ecelesias
2825 3662 3033 3718 Gothiae
3086 3663 3406 3717 labefactare
3447 3678 3540 3717 co-

1948 3765 2176 3823 nantur,
2225 3755 2351 3810 dum
2388 3755 2621 3826 undique
2668 3756 3020 3810 discurrunt:
3056 3768 3154 3808 vos
3197 3763 3374 3824 tamen
3420 3769 3542 3824 qua:

1947 3862 2244 3925 vestrarum
2293 3860 2418 3904 sunt
2448 3851 2674 3921 partium
2705 3859 2963 3920 praestare
2991 3865 3057 3904 ne
3085 3849 3358 3904 desinatis.
3392 3849 3542 3904 Licet

1948 3943 2092 3998 enim
2145 3942 2408 3997 nihildum
2460 3941 2621 3997 fuerit
2667 3951 2844 3996 vestra
2889 3941 3174 3996 sedulitate
3217 3939 3538 4011 perfectum,

1948 4035 2090 4105 quod
2121 4050 2227 4090 non
2253 4035 2521 4101 existimo,
2553 4035 2702 4090 vobis
2724 4043 2901 4090 tamen
2932 4036 3002 4090 ob
3037 4035 3178 4090 hunc
3221 4035 3456 4089 animum
3487 4046 3544 4090 et

1951 4129 2279 4200 propositum
2310 4131 2464 4199 plena
2489 4137 2543 4183 et
2565 4129 2832 4185 cumulata
2878 4144 3086 4184 merces
3111 4131 3219 4198 jam
3246 4137 3330 4184 est
3369 4144 3398 4183 a
3445 4128 3541 4182 be-

1950 4224 2113 4293 nigno
2145 4223 2254 4278 Deo
2293 4224 2596 4278 constituta.
2646 4222 2766 4278 Noli
2809 4238 2936 4293 ergo
2979 4223 3276 4293 defatigari,
3325 4222 3540 4290 dilecte,

1951 4314 2078 4370 dum
2107 4314 2314 4382 studes,
2337 4315 2462 4370 dum
2480 4315 2743 4370 sollicitus
2763 4329 2842 4381 es,
2863 4323 2916 4368 et
2942 4329 3125 4369 curam
3151 4329 3363 4368 onmem
3392 4313 3544 4368 adhi-

1951 4406 2068 4472 bes,
2097 4421 2220 4462 cum
2253 4423 2348 4476 per
2375 4419 2445 4472 te,
2494 4415 2604 4460 tum
2636 4422 2732 4476 per
2756 4420 3126 4476 quoscumque
3147 4406 3280 4461 alios
3307 4405 3544 4468 licuerit,

1953 4508 2011 4554 ut
2042 4499 2212 4553 turbre
2238 4498 2356 4554 istic
2399 4513 2464 4554 ac
2495 4500 2752 4553 tumultus
2778 4514 2885 4552 non
2926 4499 3244 4553 excitentur.
3273 4497 3378 4553 Sed
3418 4506 3544 4552 ante

1949 4593 2130 4650 omnia
2157 4601 2330 4660 orate,
2367 4607 2541 4662 neque
2560 4592 2789 4648 assiduis
2808 4591 3056 4662 precibus
3077 4606 3198 4646 cum
3224 4604 3290 4645 eo
3317 4605 3424 4660 quo
3447 4605 3547 4660 par

1949 4695 2035 4742 est
2061 4685 2239 4742 studio
2263 4699 2294 4738 a
2338 4684 2572 4754 benigno
2602 4683 2710 4738 Deo
2741 4683 3008 4753 postulare
3031 4682 3280 4748 desinite,
3336 4689 3394 4736 ut
3422 4695 3546 4752 qua

1951 4779 2096 4834 illata
2136 4787 2260 4834 sunt
2290 4793 2432 4832 nunc
2477 4777 2614 4831 mala
2636 4776 2890 4847 depellat,
2917 4790 2978 4830 ac
3019 4775 3240 4831 multam
3288 4775 3546 4830 Ecclesiis

1950 4870 2222 4940 altamque
2250 4885 2433 4940 pacem
2462 4869 2736 4940 largiatur.
2768 4867 2985 4922 Interim
3034 4867 3246 4934 saltem,
3277 4867 3419 4938 quod
3449 4883 3546 4922 an-

1953 4971 2037 5018 tea
2059 4963 2266 5033 scripsi,
2297 4963 2441 5018 omni
2488 4977 2592 5031 ope
2639 4970 2940 5031 conatuque
2981 4960 3308 5028 contendite,
3358 4969 3417 5016 ut
3445 4977 3546 5016 ne-

1950 5057 2096 5127 gotio
2125 5056 2434 5110 dilationem
2463 5054 2696 5124 aliquam
2739 5052 3046 5128 obtineatis.
3089 5052 3172 5108 Tu
3218 5068 3366 5120 vero,
3414 5053 3542 5107 dum

1952 5149 2070 5203 istic
2099 5163 2179 5215 es,
2206 5147 2426 5203 crebras
2450 5146 2517 5202 ad
2566 5161 2664 5202 nos
2691 5147 2872 5201 literas
2911 5146 3080 5200 mitte.

1952 5284 2175 5343 CCVII.
2210 5284 2477 5339 Monac/tis
2524 5281 2703 5337 Gothis
2743 5282 2830 5352 qui
2883 5281 2937 5334 in
2991 5279 3224 5334 Promoti
3272 5293 3395 5349 agro
3452 5277 3551 5330 de-

2311 5387 2431 5448 gunt
2459 5373 2556 5448 (a).
2591 5375 2610 5445 (
2626 5374 2837 5430 Cucuso
2863 5390 3004 5428 anno
3031 5371 3184 5444 404.)

2025 5515 2321 5584 Antequam
2345 5523 2552 5566 vestras
2575 5511 2756 5565 literas
2782 5509 3127 5580 accepissem,
3151 5513 3376 5577 quantas
3400 5502 3549 5571 passi

2017 5649 2092 5759 ((3)
2123 5656 2286 5698 Griece
2321 5645 2524 5710 legitur,
2545 5664 2622 5705 ut;
2645 5659 2680 5696 ιν
2703 5662 2778 5703 τοῖς
2801 5658 3002 5714 προρὼετου,
3023 5639 3150 5705 quod
3189 5637 3380 5712 nonnisi
3427 5635 3556 5684 divi-

2019 5727 2047 5759 n
2081 5725 2112 5759 ο
2133 5717 2334 5759 vertere
2358 5722 2626 5759 nossumus.
2652 5711 2704 5758 in
2729 5713 2937 5756 Promott
2959 5717 3093 5759 agro.
3129 5711 3242 5750 Nam
3268 5700 3433 5749 Bllllus
3466 5711 3553 5759 qui

1953 5700 2112 5762 nando
2133 5717 2334 5761 vertere
2358 5700 2626 5770 possumus,
2652 5711 2704 5758 in
2729 5700 2937 5756 Proineti
2959 5700 3093 5766 agro.
3125 5711 3242 5770 _Nam
3268 5700 3433 5749 Billius
3466 5711 3553 5759 qui

1955 5775 2102 5824 vertit
2123 5774 2173 5838 in
2191 5764 2473 5838 Monasterio
2493 5764 2715 5827 Promoti,
2742 5784 2817 5825 τοῖς
2842 5781 2876 5816 ιν
2897 5764 3084 5838 nmiaer
3124 5764 3556 5838 legeratkomtsso!

1956 5835 2171 5889 secundo
2193 5833 2393 5888 articulo
2409 5847 2445 5886 ιν
2467 5850 2540 5892 τοῖς
2560 5826 2764 5898 "Nam,
2789 5829 2916 5893 quod
2937 5826 3002 5879 de
3026 5826 3310 5879 Monasterio
3339 5826 3559 5877 Promoti
