3950 6386
452 380 556 436 ῚΞἹ

455 497 662 552 fueritis
729 496 1080 558 afﬁictiones,
1139 501 1362 564 quantas
1402 491 1765 558 tentationes,
1822 498 2046 558 quantas

458 587 750 661 molestias,
773 587 885 656 jam
935 600 1284 656 cognoveram
1319 601 1332 638 :
1363 599 1536 653 eoque
1562 584 1780 636 nomine
1809 596 1904 635 vos
1924 580 2052 635 bea-

461 689 544 733 lus
572 679 861 734 admodum
895 694 1108 744 censeo,
1161 693 1280 732 eum
1313 677 1444 730 mihi
1474 676 1693 731 veniunt
1725 677 1775 730 in
1821 683 2053 729 mentem

461 785 701 836 coronae,
736 769 938 836 bravia,
987 779 1041 824 et
1073 769 1290 839 praemia
1333 783 1453 838 qua:
1501 767 1654 822 vobis
1685 776 1956 836 parantur.
1986 763 2059 820 Ut

462 863 604 915 enim
639 861 752 926 illi,
784 862 875 931 qui
922 861 1073 917 vobis
1103 860 1322 916 insidias
1349 868 1581 924 struunt,
1613 874 1814 929 vosque
1845 866 2058 928 pertur-

464 953 610 1019 bant,
662 969 826 1023 grave
852 955 951 1009 sibi
971 954 1226 1024 judicium
1245 962 1545 1019 accersunt,
1569 960 1624 1007 et
1651 951 1825 1022 ignem
1852 951 2060 1022 gehen-

466 1061 548 1100 me
577 1046 736 1116 capiti
767 1060 866 1100 suo
892 1045 1233 1101 accumulant
1263 1060 1276 1096 :
1310 1043 1379 1098 ita
1407 1058 1501 1098 vos
1532 1042 1621 1113 qui
1655 1042 1778 1097 talia
1797 1041 2058 1112 patimini,

467 1136 686 1191 multam
717 1136 1017 1191 mercedem
1041 1137 1370 1206 multamque
1412 1134 1822 1191 retributionem
1855 1134 2063 1189 obtine-

467 1229 610 1282 bitis.
643 1227 817 1284 Nolite
848 1228 1006 1298 igitur
1031 1228 1264 1293 terreri,
1305 1228 1388 1283 vel
1420 1227 1542 1282 inde
1571 1227 1791 1294 turbari,
1817 1227 1910 1282 sed
1935 1241 2065 1297 gau-

468 1319 593 1373 dete
645 1329 700 1374 et
739 1319 1040 1386 exsultate,
1085 1319 1212 1374 dum
1257 1319 1606 1388 apostolicum
1638 1318 1802 1372 animi
1849 1332 2064 1372 sensum

469 1412 748 1478 retinetis,
803 1426 874 1465 ex
923 1427 1029 1482 quo
1057 1427 1158 1466 vox
1213 1411 1298 1466 illa
1337 1419 1640 1482 promanat,
1673 1409 1828 1464 Num:
1871 1409 2066 1481 gaudeo

469 1506 521 1558 in
565 1506 884 1576 passionibus
931 1507 1053 1561 mei:
1101 1505 1328 1578 (Calais.
1367 1506 1418 1560 l.
1459 1504 1550 1577 24)
1577 1521 1590 1558 :
1622 1513 1678 1560 et
1708 1517 1915 1569 rursus,
1948 1501 2068 1556 Non

469 1595 633 1649 solum
655 1603 843 1661 autem,
871 1595 960 1650 sed
989 1605 1034 1650 et
1059 1595 1337 1666 gloriamur
1364 1596 1418 1650 in
1447 1593 1872 1660 tribulationibus,
1899 1593 2069 1646 scien-

473 1699 546 1742 tes
569 1688 705 1757 quod
734 1688 990 1742 tribulatio
1012 1689 1312 1759 patientiam
1341 1696 1579 1759 aperatur
1597 1728 1612 1754 ,
1639 1687 1880 1758 patientia
1902 1693 2070 1739 autent

473 1781 818 1850 probationem
845 1779 1021 1851 (Rom.
1052 1781 1104 1836 5.
1125 1781 1282 1852 5.4).
1328 1780 1666 1835 Probatiorcs
1705 1779 1866 1849 igitur
1893 1775 2069 1832 eiicmi

475 1881 531 1926 et
558 1873 921 1942 opulentiores
950 1871 1254 1928 caelestibus
1287 1872 1498 1942 Opibus,
1543 1871 1669 1925 licet
1693 1870 1776 1924 his
1817 1869 2069 1940 graviora

474 1963 820 2033 contingant,
847 1963 1082 2032 amplius
1132 1961 1419 2018 exsultate.
1479 1959 1599 2015 Non
1629 1959 1772 2015 enim
1800 1958 2071 2028 condigna:

475 2063 593 2108 sunt
618 2055 879 2124 passiones
907 2055 1064 2124 hujus
1087 2055 1325 2125 temporis
1349 2053 1417 2107 ad
1444 2055 1669 2125 fulta-am
1695 2051 1940 2123 gloriam,
1959 2065 2074 2120 qua:

470 2145 775 2200 revelabitur
811 2148 864 2200 in
911 2147 1051 2200 nobis
1080 2145 1241 2218 (Ibid.
1291 2146 1346 2201 8.
1380 2144 1491 2216 l9»).
1533 2143 1716 2213 Neque
1742 2157 1872 2198 vero
1918 2141 2074 2197 nobis

473 2238 654 2309 ignota
685 2245 768 2293 est
799 2239 1049 2308 patientia
1083 2247 1276 2304 vestra,
1308 2237 1584 2304 fortitudo,
1619 2236 1920 2302 tolerantia,
1957 2233 2074 2289 sin-

470 2339 709 2386 ceruset
724 2329 922 2385 ardens
947 2345 1121 2398 amor,
1139 2329 1410 2399 animique
1429 2327 1597 2384 vestri
1624 2326 1780 2381 ﬁrma
1799 2333 1856 2382 et
1878 2326 2074 2380 invicta

472 2421 798 2475 constantia.
841 2421 1010 2488 Quam
1054 2421 1124 2476 ob
1164 2408 1390 2475 causam"
1425 2419 1675 2490 ingentes
1703 2416 1854 2473 vobis
1881 2415 2077 2487 gratias

480 2513 711 2584 agimus,
761 2521 961 2568 etcum
983 2512 1178 2568 animis
1195 2512 1400 2568 .vestris
1431 2518 1689 2582 perpetuo
1717 2508 1950 2566 devincti
1981 2524 2078 2562 su-

484 2622 606 2662 mus
629 2647 645 2674 ,
698 2622 873 2678 neque
902 2606 1261 2677 longinquitas
1289 2605 1493 2660 itineris
1517 2619 1622 2658 nos
1645 2617 1770 2674 erga
1799 2602 2076 2658 caritatem

487 2708 717 2754 vestram
747 2699 1161 2770 negligentiores
1201 2699 1312 2755 ullo
1339 2697 1497 2753 modo
1516 2697 1698 2753 efﬁcit.
1734 2696 1838 2752 Sed
1864 2705 1918 2751 et
1950 2711 2078 2766 gra-

486 2789 612 2844 tiam
642 2790 792 2845 vobis
818 2790 990 2845 habeo
1016 2799 1233 2861 propter
1259 2790 1310 2846 id
1332 2789 1564 2845 studium
1581 2788 1723 2860 quod
1740 2786 2076 2855 exhibuistis,

483 2891 544 2937 ut
572 2884 750 2937 nullus
787 2883 838 2936 in
866 2883 1104 2938 Ecclesia
1134 2883 1429 2938 Gothorum
1463 2882 1720 2937 tumultus
1761 2881 1951 2946 ﬁeret,
1981 2878 2078 2935 sed

478 2974 742 3031 dilatione
770 2976 948 3048 aliqua
996 2977 1266 3046 negotium
1297 2975 1691 3032 extraheretur.
1734 2974 1921 3045 Neque
1954 2981 2079 3029 tan-

479 3076 596 3120 tum
627 3081 732 3120 non
757 3066 1121 3136 reprehendo,
1161 3065 1304 3136 quod
1339 3067 1616 3122 neminem
1656 3065 1936 3132 miseritis,
1984 3061 2081 3119 sed

482 3159 649 3213 etiam
681 3158 839 3213 laudo
856 3168 910 3213 et
929 3159 1183 3228 suspicio.
1215 3158 1333 3213 iloc
1353 3158 1494 3213 enim
1519 3157 1611 3212 illo
1632 3157 1802 3211 multo
1827 3163 1910 3210 est
1931 3164 2084 3226 opta-

489 3249 674 3315 bilius,
731 3260 791 3304 ut
837 3265 934 3304 vos
960 3265 1150 3304 omnes
1181 3250 1233 3304 in
1275 3248 1539 3319 ejusmodi
1566 3263 1700 3320 opus
1741 3246 2080 3301 incumbatis.

486 3339 665 3394 Nolite
693 3340 850 3410 igitur
891 3355 1105 3396 cessare
1147 3355 1266 3411 quae
1293 3339 1457 3395 vestri
1486 3347 1611 3394 sunt
1637 3337 1878 3393 muneris
1917 3352 2082 3392 exse-

487 3434 606 3503 qui,
626 3441 742 3487 tum
772 3449 866 3503 per
891 3448 984 3488 vos
1015 3434 1180 3504 ipsos,
1210 3443 1320 3488 tum
1367 3448 1463 3503 per
1487 3432 1620 3488 alios
1660 3447 1756 3501 per
1797 3445 2085 3502 quoscum-

412 3593 426 3604 ο
487 3540 594 3594 que
620 3523 831 3590 licebit,
865 3533 922 3579 ut
958 3525 1230 3596 negotium
1261 3524 1517 3579 dilatione
1560 3519 1738 3593 aliqua
1765 3521 2083 3592 proteletur.

490 3615 623 3670 Nam
663 3617 776 3672 sive
820 3616 946 3687 quid
985 3616 1148 3671 fuerit
1183 3631 1348 3687 opera
1375 3626 1550 3672 vestra
1584 3613 1879 3686 perfectum
1908 3656 1924 3681 ,
1971 3613 2086 3669 sive

487 3723 618 3775 non,
649 3710 801 3778 plena
835 3719 892 3764 et
918 3711 1184 3765 cumulata
1217 3725 1422 3766 merces
1446 3710 1597 3765 vobis
1647 3708 1716 3764 ob
1740 3709 1880 3764 hanc
1910 3709 2076 3764 animi

491 3801 811 3854 sententiam
833 3809 888 3856 et
915 3800 1150 3856 studi-um
1165 3802 1550 3857 constituetur.

488 3909 748 3968 CCVIII.
791 3911 978 3968 Acacio
1026 3913 1340 3984 presbytero.
1412 3911 1640 3984 (Scripta
1682 3911 1750 3968 ab
1789 3925 1933 3967 anno
1978 3911 2086 3968 404

1170 4005 1236 4060 ad
1268 4003 1418 4075 407.)

565 4119 644 4174 Tu
666 4119 760 4191 qui
794 4128 948 4176 tanto
969 4121 1144 4178 nostri
1190 4136 1378 4178 amore
1407 4120 1620 4192 ﬁagras,
1646 4129 1753 4176 tam
1784 4121 2088 4178 vehementi

493 4211 863 4267 benevolentia
887 4227 989 4268 nos
1011 4213 1406 4282 complecteris,
1457 4227 1523 4268 ne
1573 4213 1846 4268 literarum
1868 4215 2088 4285 quidem

494 4317 595 4356 nos
621 4304 906 4372 participes
947 4313 1162 4358 tuorum
1199 4305 1348 4360 facis.
1376 4306 1536 4375 Atqui
1568 4306 1677 4376 jam
1713 4307 1880 4362 semel
1929 4317 2090 4380 atque

496 4396 690 4449 iterum
717 4394 783 4449 ad
817 4405 866 4451 Ie
887 4396 1234 4466 scripsimus;
1268 4404 1328 4451 tu
1358 4411 1487 4451 vero
1521 4396 1572 4452 in
1604 4397 1706 4451 hoc
1730 4397 1947 4468 segnior
1966 4413 2088 4454 eva-

497 4487 635 4541 sisti.
665 4487 797 4542 Cum
830 4487 988 4557 igitur
1013 4488 1298 4560 intelligas,
1343 4496 1542 4560 quanto
1565 4504 1663 4544 nos
1701 4487 1961 4544 beneﬁcio
1989 4490 2089 4545 tibi

498 4579 852 4636 devineturus
895 4582 1004 4649 sis,
1033 4581 1075 4636 si
1118 4580 1187 4637 de
1229 4589 1316 4636 tua
1348 4580 1654 4636 valetudine
1695 4580 1958 4636 certiores
1991 4595 2092 4636 nos

499 4671 717 4739 reddas,
745 4671 809 4727 da
828 4688 1071 4743 operam,
1101 4687 1303 4744 quaeso,
1334 4683 1391 4728 ut
1418 4686 1577 4742 quam
1600 4670 1879 4728 celerrime
1897 4671 1965 4726 ad
1995 4686 2093 4727 nos

497 4762 680 4819 literas
708 4763 907 4819 mittas.
935 4763 1052 4820 Non
1080 4766 1222 4821 enim
1266 4763 1526 4820 mediocri
1567 4763 1938 4819 consolatione
1967 4778 2096 4833 per-

500 4855 887 4923 mulcebimur,
939 4857 984 4912 si
1023 4857 1091 4913 de
1123 4857 1418 4912 amicorum
1451 4862 1757 4911 nostrorum
1780 4854 2090 4912 valetudine

501 4947 618 5003 sine
644 4948 1040 5005 intermissione
1080 4964 1412 5005 moneamur.

634 5078 825 5135 CCIX.
859 5081 1089 5136 Salviom‘
1111 5081 1207 5156 (α).
1239 5079 1361 5153 (Ab
1391 5094 1531 5134 anno
1561 5078 1667 5134 404
1695 5078 1760 5132 ad
1789 5077 1938 5146 407.)

571 5192 682 5248 Nos
706 5191 919 5264 quidem
941 5193 1036 5247 abs
1057 5205 1108 5249 te
1125 5194 1311 5261 amari,
1341 5209 1436 5250 seu
1453 5191 1674 5258 scribas,
1706 5207 1800 5247 seu
1829 5206 1932 5246 non
1956 5191 2093 5246 scri-

502 5321 763 5370 numquam
787 5305 1143 5368 interpreteris.
1166 5307 1402 5370 Palladius
1423 5307 1474 5355 in
1495 5306 1599 5355 vita
1621 5305 1958 5370 Chrysostomi,
1984 5317 2090 5367 cap.

503 5371 548 5430 4,
575 5367 772 5418 Mai-sam
795 5367 1140 5418 commemorat
1163 5369 1369 5419 Promoti
1391 5381 1600 5417 uxorem
1621 5367 1816 5430 viduam
1834 5368 2093 5430 intereas,

501 5427 612 5495 quae
635 5433 970 5495 chrysostomo
1003 5431 1204 5479 infensa:
1229 5438 1370 5495 erant
1391 5443 1409 5495 _;
1455 5430 1587 5479 unde
1611 5429 1737 5495 forte
1763 5431 1942 5495 inferas
1972 5427 2096 5495 hanc

501 5491 745 5555 umnaehis
765 5493 929 5555 Gothis
955 5495 1002 5541 in
1039 5505 1157 5554 agro
1179 5493 1258 5542 vel
1291 5491 1436 5541 fundo
1479 5506 1569 5541 suo
1613 5493 1762 5555 sedes
1803 5491 2097 5555 habentibus

503 5552 772 5605 nuidestiam
796 5554 1034 5617 intulisse,
1051 5552 1223 5616 utpote
1244 5555 1564 5617 Chrysostomi
1587 5552 1808 5614 asseclis;
1832 5561 1883 5602 at
1905 5554 1951 5602 id
1976 5566 2096 5600 non-

495 5619 591 5667 nisi
613 5616 930 5681 coniectando
948 5617 1150 5666 dicatur.

577 5688 648 5744 (α)
679 5676 938 5745 Vaticanus
959 5679 1372 5745 etr‘abrictanus,
1399 5676 1629 5745 [iamiam
1664 5676 1954 5745 (Qalbioni).
2000 5678 2095 5728 llic

547 5738 793 5791 oCstremus
805 5744 928 5789 hanc
941 5738 1202 5801 epistotam
1223 5738 1297 5786 his
1319 5739 1542 5801 continet
1560 5739 1872 5798 descriptam.
1886 5738 1938 5788 et
1959 5747 2095 5789 utro-

547 5758 793 5791 OSU'emUS
805 5758 928 5789 nant:
941 5758 1202 5801 CplSlUlaﬂl
1223 5758 1297 5786 D15
1319 5758 1407 5786 CUI]
1417 5758 1542 5786 ιιιιει
1560 5758 1872 5798 υυδιίτῳιειηι.
1886 5758 1938 5788 ει
1959 5758 2095 5789 ιηΓο-

513 5758 669 5865 gique
694 5804 925 5851 Γαλϐίωνι
949 5799 1156 5865 legitur:
1183 5799 1510 5865 Sav.quoque
1531 5800 1579 5846 in
1606 5805 1744 5865 textu
1759 5802 1988 5865 Γαὶϐίῳνι
2011 5805 2096 5850 ba-

516 5859 622 5924 bet,
633 5866 684 5912 in
703 5865 922 5926 margine
936 5859 1172 5912 Salvioni.
1192 5861 1225 5910 υ
1237 5867 1308 5911 tra
1319 5859 1468 5910 lectio
1481 5872 1596 5908 vera
1607 5862 1667 5908 sit
1681 5865 1894 5910 nondqu
1917 5864 2092 5924 liquet.

1305 378 1360 434 S.
1395 375 1671 433 JOANNlS
1695 369 2169 471 CllRYSpSTOMl
2193 370 2511 429 ARClllEP.
2553 369 3087 429 CONSTANTiNOP.
3631 374 3714 430 728

2167 486 2286 556 has,
2335 489 2498 559 probe
2543 489 2675 544 scio.
2715 487 2832 542 Non
2867 487 3009 543 enim
3036 495 3212 558 potest
3245 496 3351 541 tam
3380 485 3564 541 ardens
3590 502 3714 546 amor

2168 582 2219 634 in
2251 596 2347 635 nos
2397 589 2517 636 tuus
2543 597 2641 636 nos
2671 582 2858 646 latere,
2912 580 3004 636 sed
3050 581 3152 635 hoc
3203 595 3390 635 omnes
3429 580 3714 650 prtedicant,

2164 673 2445 742 multique,
2500 673 2592 743 qui
2638 672 2796 728 istinc
2840 671 2907 727 ad
2957 687 3054 728 nos
3098 672 3403 741 adveniunt,
3457 671 3712 728 ferventem

2163 779 2227 818 ac
2267 765 2528 820 sinceram
2575 765 2730 819 nobis
2776 765 3052 820 caritatem
3088 775 3230 819 tuam
3267 767 3589 820 annuntiant.
3629 767 3716 823 Sed

2167 865 2220 910 et
2248 865 2557 926 optaremus
2586 871 2730 926 saepe
2775 857 2957 912 literas
3004 872 3035 911 a
3091 867 3181 911 tua
3209 859 3559 928 generositate
3604 860 3718 914 rcci-

2166 963 2314 1018 pere,
2344 949 2534 1019 quibus
2568 948 2636 1004 de
2679 960 2765 1004 tua
2793 960 2848 1005 et
2872 950 3103 1005 dominas
3127 966 3261 1006 mea:
3289 955 3469 1018 uxoris
3504 961 3617 1020 ture,
3649 963 3719 1008 to-

2170 1041 2377 1111 tiusque
2420 1040 2612 1095 domus
2657 1051 2761 1096 tua:
2800 1041 3104 1097 valetudine
3147 1041 3398 1098 ﬁeremus
3451 1045 3717 1099 certiores:

2167 1133 2273 1186 scis
2303 1133 2443 1187 enim
2472 1141 2670 1203 quanto
2699 1133 2751 1186 in
2784 1133 2937 1188 nobis
2981 1133 3158 1189 studio
3189 1134 3276 1189 sit.
3306 1135 3429 1190 llaec
3450 1135 3598 1206 igitur
3621 1153 3719 1190 cum

2171 1225 2263 1278 tibi
2285 1233 2562 1294 perspecta
2594 1225 2722 1291 sint,
2751 1224 2970 1280 domine
3013 1225 3085 1280 mi
3111 1226 3397 1296 plurimum
3420 1229 3719 1294 venerande,

2173 1316 2383 1370 tametsi
2413 1314 2628 1372 difﬁcile
2667 1323 2751 1372 est
2779 1316 2922 1388 quod
2951 1318 3200 1388 petimus,
3229 1333 3351 1372 cum
3381 1327 3583 1389 propter
3607 1329 3718 1374 tem-

2170 1424 2271 1480 pus
2306 1409 2610 1476 hibernum,
2663 1419 2776 1465 tum
2812 1411 2955 1481 quod
3007 1411 3162 1482 pauci
3213 1410 3281 1466 ad
3336 1426 3435 1466 nos
3477 1411 3718 1479 accedant,

2171 1518 2292 1557 cum
2325 1503 2551 1568 licuerit,
2581 1519 2648 1559 ne
2677 1512 2728 1560 te
2754 1505 2926 1576 pigeat
2952 1505 3018 1560 ad
3047 1520 3146 1560 nos
3186 1505 3440 1570 scribere,
3490 1516 3636 1576 atque
3670 1522 3720 1561 ea

2173 1595 2474 1664 significare
2503 1611 2623 1666 qua:
2649 1595 2960 1664 petivimus.
3012 1593 3254 1652 vestram
3283 1597 3426 1652 enim
3481 1597 3720 1651 sanitatem

2176 1697 2230 1742 et
2255 1689 2598 1743 securitatem
2629 1698 2866 1744 nostram
2897 1704 3020 1744 esse
3047 1689 3293 1744 ducimus
3323 1689 3648 1760 opulentiam,
3673 1705 3720 1744 ac

2176 1776 2434 1842 ltetitiam,
2458 1787 2616 1848 atque
2649 1779 2786 1834 adeo
2812 1779 3028 1834 uberem
3055 1780 3397 1850 voluptatem.
3424 1779 3557 1835 Cave
3595 1780 3722 1850 igitur

2179 1877 2323 1925 tanta
2352 1871 2623 1940 voluptate
2653 1886 2753 1926 nos
2781 1873 2980 1943 prives,
3007 1871 3100 1928 sed
3131 1873 3195 1927 iis
3221 1875 3313 1944 qui
3343 1881 3394 1928 te
3415 1873 3635 1942 impense
3654 1869 3720 1926 di-
3774 1855 3779 1864 ’

2178 1959 2349 2031 ligunt
2377 1959 2515 2016 hanc
2563 1978 2660 2033 per
2698 1963 2881 2019 literas
2910 1964 3338 2019 consolationem
3376 1961 3605 2033 imperti,
3629 1977 3722 2034 qua

2179 2062 2421 2112 nostrum
2448 2055 2665 2111 taedium
2692 2057 2886 2113 solatio
2919 2073 3024 2112 non
3050 2057 3310 2113 mediocri
3355 2056 3618 2128 mitigabit.

2413 2191 2570 2250 CCX.
2602 2193 2885 2250 Theodoro.
2918 2194 3168 2266 (Cucuso
3190 2209 3336 2251 anno
3357 2194 3477 2251 464.
3499 2193 3518 2266 )

2250 2327 2473 2386 Miratus
2495 2345 2634 2396 sum,
2663 2331 2754 2402 qui
2808 2331 3002 2387 factum
3039 2332 3128 2399 sit,
3161 2339 3220 2386 ut
3269 2347 3337 2387 ex
3390 2331 3506 2386 aliis
3548 2329 3722 2386 Salustii

2182 2420 2480 2493 presbyteri
2511 2423 2886 2494 negligentiam
2905 2424 3279 2496 intelligerent.
3303 2422 3567 2494 Siquidem
3592 2421 3722 2493 signi-

2183 2512 2396 2568 ficatum
2424 2513 2556 2569 mihi
2584 2524 2668 2571 est
2693 2517 2782 2570 vix
2812 2531 2936 2572 eum
2981 2517 3217 2588 quinque
3268 2516 3511 2572 homilias
3547 2514 3722 2571 Octobri

2183 2619 2372 2660 mense
2404 2605 2675 2676 habuisse,
2703 2616 2866 2679 atque
2893 2609 3066 2679 ipsum
3087 2618 3142 2664 et
3165 2608 3519 2680 Theophilum
3545 2605 3726 2679 presby-

2184 2707 2381 2764 terum,
2412 2701 2639 2756 alterum
2670 2717 2782 2772 pra:
2821 2702 3049 2773 pigritia,
3081 2703 3310 2758 alterum
3342 2717 3450 2773 prae
3501 2710 3626 2756 metu
3650 2699 3724 2754 mi-

2184 2790 2329 2846 nimc
2357 2790 2424 2845 ad
2449 2791 2729 2848 collectam
2763 2795 2966 2849 venire.
3012 2793 3119 2849 Sed
3167 2792 3521 2864 Theophilum
3551 2790 3724 2864 quidem

2184 2895 2280 2950 per
2307 2882 2486 2937 literas
2506 2882 2871 2940 vehementius
2892 2884 3183 2955 increpavi,
3225 2885 3446 2942 Salustii
3467 2900 3584 2940 vero
3600 2897 3725 2939 causa

2184 2974 2254 3040 ad
2280 2977 2635 3031 reverentiam
2659 2986 2803 3032 tuam
2829 2978 3025 3046 scribo,
3055 2979 3197 3048 quod
3227 2978 3384 3033 illum
3411 2978 3503 3034 abs
3530 2986 3575 3032 te
3595 2976 3726 3030 vehe-

2187 3076 2396 3122 menter
2421 3069 2592 3124 amari
2620 3071 2784 3124 sciam
2811 3087 2826 3124 :
2856 3086 3014 3142 quam
3039 3070 3114 3126 ob
3146 3085 3370 3126 causam
3411 3086 3511 3126 non
3561 3067 3725 3124 medio-

2184 3159 2352 3214 criter
2369 3159 2580 3229 gaudeo
2601 3169 2655 3216 et
2677 3160 2938 3217 oblector.
2967 3160 3071 3217 Sed
3099 3171 3152 3218 et
3174 3175 3469 3218 succenseo
3496 3170 3587 3215 tum
3611 3171 3727 3213 reve-

2187 3251 2397 3318 rentiae,
2429 3252 2570 3323 quod
2589 3253 2692 3309 hoc
2707 3253 2837 3309 mihi
2859 3269 2962 3310 nou
2980 3253 3326 3310 manifestum
3349 3254 3638 3318 reddideris,
3659 3252 3726 3320 qui

2188 3345 2466 3402 debuisses
2517 3347 2691 3419 ipsum
2730 3349 3000 3420 corrigere
3031 3366 3045 3404 :
3074 3357 3329 3404 neutrum
3373 3357 3540 3404 tamen
3577 3346 3724 3400 borum

2189 3439 2509 3510 prtestitisti.
2537 3440 2690 3497 Nunc
2719 3457 2848 3514 ergo
2872 3443 3063 3498 saltem
3095 3457 3192 3498 oro
3218 3452 3295 3510 te,
3335 3457 3454 3498 cum
3501 3440 3600 3506 tibi,
3642 3447 3724 3492 tum

2190 3531 2344 3587 nobis
2371 3530 2508 3586 hanc
2528 3532 2815 3587 maximam
2835 3532 3071 3589 concede
3095 3532 3350 3602 gratiam,
3390 3542 3446 3588 ut
3492 3529 3725 3584 vehemen-

2189 3630 2274 3679 ter
2316 3623 2465 3679 illum
2521 3624 2745 3691 excites,
2792 3641 2967 3696 neque
3013 3625 3326 3680 obdormire
3349 3623 3622 3696 permittas,
3658 3624 3726 3670 aut

2189 3714 2368 3771 otiari.
2410 3714 2523 3770 Nisi
2573 3715 2716 3771 enim
2766 3731 2908 3772 nunc
2955 3716 3010 3771 in
3051 3715 3152 3771 hac
3198 3717 3525 3787 negotiorqu
3548 3711 3724 3766 istorum

2191 3819 2509 3881 tempestate
2556 3827 2621 3868 ac
2667 3813 2902 3885 procella
2955 3815 3366 3869 convenientem
3419 3804 3724 3865 fortitudinem

2190 3928 2303 3983 pra:
2348 3919 2409 3961 se
2455 3910 2654 3975 tulerit,
2701 3909 2916 3981 quando
2938 3911 3016 3966 sic
3058 3908 3174 3978 ejus
3216 3921 3379 3977 opera
3406 3901 3724 3974 iudigebimus,

2192 4008 2282 4064 ubi
2313 4007 2669 4078 tranquillitas
2698 4013 2753 4059 et
2778 4019 2881 4075 pax
2909 4001 3166 4059 redierit?
3197 3999 3276 4056 Te
3315 4000 3472 4070 igitur
3491 3996 3650 4050 hortor
3686 3994 3726 4039 ut

2191 4115 2310 4170 quae
2339 4107 2465 4154 sunt
2488 4096 2650 4153 ofﬁcii
2671 4096 2764 4161 tui,
2791 4103 2950 4164 prout
2972 4093 3147 4161 decet,
3170 4097 3519 4172 exsequutus,
3544 4095 3591 4140 et
3611 4081 3724 4136 illum

2191 4199 2247 4245 et
2293 4204 2482 4244 omnes
2509 4187 2576 4243 ad
2618 4186 2874 4242 auxilium
2916 4184 3112 4256 populo
3158 4182 3436 4239 ferendum
3465 4177 3726 4246 tempestate

2187 4285 2387 4356 iactato
2431 4281 2654 4347 excites,
2707 4277 2846 4351 quod
2875 4285 3159 4346 antequam
3199 4275 3384 4331 literas
3407 4281 3600 4328 nostras
3615 4259 3724 4318 arci-

2193 4391 2370 4448 peres,
2390 4383 2474 4431 sat
2493 4374 2606 4430 scio
2637 4381 2725 4428 tua
2753 4378 2944 4442 sponte
2971 4383 3035 4425 ac
3057 4367 3204 4424 nullo
3229 4372 3479 4424 monente
3523 4363 3726 4431 praestare

2193 4468 2423 4540 cmpisti.

2266 4599 2400 4657 CCX
2405 4597 2454 4654 1.
2487 4597 2747 4654 Timotheo
2777 4595 3082 4668 presbytero.
3105 4591 3354 4666 (Cucuso
3383 4601 3516 4644 anno
3535 4577 3670 4644 40$.)

2265 4736 2375 4792 Nos
2400 4735 2616 4807 quidem
2643 4749 2818 4805 nuper
2840 4732 2909 4788 ad
2939 4743 2990 4787 te
3032 4738 3192 4800 atque
3219 4727 3285 4782 ad
3312 4717 3721 4782 honoratissimum

2195 4828 2471 4883 dominum
2524 4842 2704 4884 meum
2750 4825 3074 4881 Marcianum
3115 4821 3388 4876 tribunum
3425 4810 3723 4902 scripsimus:

2197 4928 2252 4975 tu
2278 4933 2408 4976 vero
2432 4934 2608 4990 neque
2635 4918 2820 4974 literas
2868 4916 2936 4972 ad
2983 4929 3072 4970 me
3115 4913 3183 4968 ab
3229 4913 3319 4967 illo
3371 4907 3500 4964 mitti
3550 4904 3723 4957 curasu.

2196 5027 2370 5082 neque
2394 5010 2460 5066 ad
2489 5025 2588 5066 nos
2615 5011 2732 5082 ipse
2758 5007 3042 5078 scripsisti.
3088 5003 3442 5061 Nihilominus
3470 5007 3626 5052 tamen
3652 4997 3726 5085 ηοξ

2197 5113 2438 5160 nostrum
2480 5116 2688 5157 morem
2735 5099 2968 5170 sequuti,
3015 5097 3133 5154 sine
3177 5091 3560 5150 intermissione
3604 5086 3727 5180 vestri

2195 5199 2491 5265 recordari,
2516 5207 2678 5267 atque
2703 5194 2771 5250 ad
2790 5209 2909 5260 vos,
2935 5208 3057 5248 cum
3105 5189 3328 5246 facultas
3369 5180 3602 5258 suppetil.
3629 5186 3728 5229 δεῖν

2197 5297 2327 5351 bere
2369 5308 2474 5348 non
2505 5291 2834 5354 desinimus;
2880 5285 3022 5357 quod
3065 5298 3206 5340 nunc
3231 5282 3390 5342 etiam
3415 5278 3632 5335 facimus,
3669 5276 3722 5357 In:

2199 5349 2490 5459 gentesque
2553 5383 2707 5439 vobis
2755 5349 2952 5452 gratias
2995 5379 3204 5450 agimus
3248 5377 3317 5434 ob
3362 5371 3577 5430 studium
3619 5349 3724 5428 quod

2198 5480 2484 5544 exhibetis,
2509 5487 2562 5533 et
2579 5475 2813 5548 pericula
2837 5489 2959 5544 quae
2979 5473 3191 5539 subitis,
3211 5481 3410 5539 vosque
3431 5466 3597 5519 beatos
3620 5460 3722 5521 prm'

2198 5573 2460 5628 dicamus.
2493 5569 2679 5639 Neque
2709 5567 2853 5622 enim
2883 5567 3104 5638 exiguas
3135 5563 3286 5618 vobis
3325 5565 3538 5614 coronas
3573 5551 3722 5639 recc-It:

2200 5664 2344 5728 ditis,
2360 5663 2484 5718 dum
2507 5659 2571 5716 ad
2587 5628 2858 5717 modicum
2879 5628 3089 5728 temvpus
3104 5655 3305 5719 afﬂicti,
3324 5652 3589 5731 perennent
3607 5628 3721 5731 δ’ξξδιξ

2201 5758 2254 5812 iu
2279 5754 2414 5811 cazlo
2442 5752 2750 5810 mercedem
2781 5768 2844 5807 ac
2871 5751 3041 5806 multo
3082 5749 3338 5816 majorem
3370 5739 3448 5794 his
3495 5720 3723 5787 sudoribus

2207 5846 2540 5920 praeparatis.
2572 5843 2627 5901 Ν
2631 5863 2694 5902 οη
2717 5835 2859 5902 enim
2885 5853 2999 5899 sunt
3023 5843 3192 5913 dignae
3215 5835 3460 5910 passiones
3479 5827 3606 5894 hUjm
3628 5823 3720 5866 W‘
