3950 6370
221 371 316 428 ῗ27

213 490 337 559 ὅσην
366 483 660 556 ὑπομένετε
695 480 896 552 θλίψιν,
931 481 1062 545 ὅσας
1093 479 1415 546 ἐπιϐουλὰς,
1456 481 1615 544 ὅσους
1660 497 1778 534 πει-

215 579 484 651 ρασμοὺς,
525 577 656 640 ὅσας
706 573 997 645 ἐπηρείας’
1040 573 1137 626 καὶ
1184 572 1273 627 διά
1324 571 1482 626 τοῦτο
1545 571 1778 643 μάλιστα

214 673 349 742 ὑμᾶς
401 666 708 740 μακαρίζω,
763 665 890 728 τοὺς
929 664 1227 735 στεφάνους
1277 665 1406 728 τοὺς
1457 665 1523 716 ἐκ
1569 661 1776 716 τούτων

211 760 415 825 ἐννοῶν,
451 759 519 813 τά
555 757 803 830 βραϐεῖα,
832 755 902 810 τά
932 755 1159 809 ἔπαθλα.
1195 755 1403 828 Ὥσπερ
1432 753 1540 827 γὰρ
1579 756 1629 808 οἱ
1656 756 1777 808 ἐπι-

212 848 541 912 ϐουλεύοντες
565 848 715 918 ὑμῖν,
740 848 836 900 καὶ
864 845 1220 918 ταράττοντες
1252 845 1418 916 ὑμᾶς,
1446 847 1621 917 κρῖμα
1652 843 1774 899 καθ’

209 941 409 997 ἑαυτῶν
464 939 696 1011 χαλεπὸν
748 937 1103 1009 ἐπιφέρουσι,
1148 937 1241 991 καὶ
1283 936 1345 990 τὸ
1391 936 1494 1008 τῆς
1552 937 1775 1007 γεέννης

211 1031 340 1086 κατὰ
361 1031 458 1099 τῆς
489 1028 695 1083 ἑαυτῶν
721 1027 966 1101 κεφαλῆς
995 1027 1390 1099 ἐπισωρεύουσι
1418 1026 1531 1099 πῦρ
1549 1045 1565 1060 ·
1602 1027 1776 1090 οὕτως

211 1125 358 1195 ὑμεῖς
382 1124 432 1177 οί
473 1120 645 1176 ταῦτα
678 1121 996 1192 πάσχοντες.
1032 1118 1234 1190 πολλῆς
1259 1117 1634 1173 ἀπολαύσεσθε
1675 1119 1776 1191 τῆς

211 1210 460 1285 ἀμοιϐῆς,
490 1210 693 1282 πολλῆς
720 1212 820 1282 τῆς
847 1210 1189 1274 ἀντιδόσεως.
1219 1207 1312 1279 Μὴ
1338 1208 1403 1281 δὴ
1438 1208 1772 1281 θορυϐεῖσθε,

214 1302 337 1376 μηδὲ
384 1300 803 1374 διαταράττεσθε
867 1299 1141 1364 ἐντεῦθεν,
1206 1298 1343 1353 άλλά
1410 1298 1629 1371 χαίρετε
1681 1300 1776 1354 καὶ

214 1394 477 1466 σκιρτᾶτε,
512 1392 865 1448 ἀποστολικὺν
894 1391 1149 1464 φρόνημα
1193 1390 1577 1463 διατηροῦντες
1602 1390 1661 1446 τὸ
1697 1390 1776 1444 λέ-

209 1502 326 1556 γον·
356 1484 488 1540 Νῦν
519 1485 704 1555 χαίρω
744 1485 814 1539 ἐν
840 1483 964 1550 τοῖς
1001 1481 1315 1553 παθήμασί
1347 1499 1500 1553 μου·
1530 1483 1625 1537 καὶ
1667 1482 1773 1537 πά-

209 1576 301 1639 λιν,
337 1576 418 1629 Οὐ
442 1577 637 1644 μόνον
679 1572 768 1641 δὲ,
807 1572 968 1628 ἀλλὰ
1004 1572 1103 1627 καὶ
1146 1571 1497 1642 καυχώμεθα
1530 1572 1601 1627 ἐν
1645 1572 1775 1640 ταῖς

208 1663 503 1731 θλίψεσιν,
535 1662 760 1729 ειδότες
794 1660 885 1717 ὅτι
913 1661 952 1729 ἡ
984 1661 1192 1731 θλίψις
1222 1661 1540 1732 ὑπομονὴν
1571 1679 1776 1732 κατερο

209 1752 455 1826 τόᾷιται,
513 1753 556 1825 ἡ
602 1752 673 1807 δὲ
720 1751 997 1823 ὑπομονὴ
1076 1753 1352 1823 δοκιμήν.
1406 1751 1773 1827 Δοκιμώτεροι

205 1843 369 1899 τοίνυν
395 1842 703 1914 γενόμενοι,
726 1842 823 1897 καὶ
853 1841 1222 1915 εὐπορώτεροι
1259 1842 1357 1915 τήν
1382 1843 1642 1916 εὐπορίαν
1674 1844 1774 1917 τὴν

207 1935 259 1987 ἐν
291 1933 557 2006 οὐρανοῖς,
589 1933 692 1987 κάν
731 1932 1084 2005 χαλεπώτερα
1119 1932 1327 1987 τούτων
1356 1934 1623 2006 πάσχητε,
1656 1951 1775 2007 μει-
1837 1992 1846 2002 ,

205 2020 358 2086 ζόνως
386 2020 706 2091 ἀγάλλεσθε.
742 2023 824 2077 Οὑ
859 2021 968 2093 γὰρ
998 2020 1137 2087 ἀξια
1171 2020 1324 2096 [716]
1346 2022 1419 2078 τὰ
1456 2022 1777 2094 παθήματα

207 2111 301 2166 τοῦ
334 2112 448 2168 νῦν
469 2112 682 2183 καιροῦ
707 2112 857 2182 πρὸς
880 2111 996 2182 τὴν
1018 2112 1375 2183 μέλλουσαν
1412 2112 1602 2181 δόξαν
1629 2114 1776 2170 ἀπο-

175 2204 604 2260 “καλύπτεσθαι
644 2206 735 2271 εις
778 2196 959 2274 ἡμᾶς.
997 2204 1132 2258 Οὐδὲ
1171 2203 1282 2276 7&9
1326 2203 1517 2259 ἔλαθεν
1546 2206 1695 2277 ἡμᾶς
1736 2208 1774 2279 ή

212 2295 433 2368 ὑπομονὴ
463 2295 644 2368 ὑμῶν,
663 2296 698 2366 ή
727 2295 971 2368 ἀνδρεία,
1002 2297 1036 2368 ή
1061 2295 1349 2369 καρτερία,
1380 2297 1414 2370 ή
1444 2297 1647 2368 γνησία
1675 2299 1773 2354 καὶ

126 2406 135 2422 ~
207 2383 365 2456 θερμὴ
408 2384 672 2450 διάθεσις,
704 2385 766 2439 τὸ
811 2384 1031 2451 ἀκλινὲς
1071 2385 1227 2457 ὑμῶν
1270 2387 1372 2458 τῆς
1414 2386 1670 2459 γνώμης,
1708 2388 1771 2443 τὸ

206 2473 608 2546 ἀπερίτρεπτον,
635 2474 696 2528 τὸ
722 2474 999 2545 ἀκίνητον.
1032 2474 1124 2528 Διὸ
1152 2474 1249 2530 καὶ
1282 2476 1443 2547 ἡμεῖς
1474 2476 1605 2547 ὑμῖν
1641 2476 1772 2531 πολ-

205 2562 292 2627 λάς
335 2565 704 2637 ὁμολογοῦμεν
755 2567 1017 2638 χάριτας,
1067 2565 1163 2620 καὶ
1206 2566 1564 2639 συνδεδέμεθα
1616 2568 1769 2640 ὑμῶν

204 2659 312 2721 ταῖς
334 2657 531 2729 ψυχαῖς
579 2657 862 2730 διηνεκῶς,
903 2661 998 2714 καὶ
1027 2660 1127 2731 τῆς
1165 2659 1285 2714 ὁδοῦ
1333 2659 1395 2713 τὸ
1432 2660 1607 2732 μῆκος
1648 2661 1769 2715 οὐδὲ

207 2748 597 2821 ρᾳθυμοτέρους
625 2749 773 2821 ἡμᾶς
813 2751 943 2820 περὶ
973 2750 1075 2821 τὴν
1102 2749 1322 2822 ἀγάπην
1348 2751 1449 2822 τὴν
1494 2750 1768 2823 ὑμετέραν

206 2837 495 2906 ἐργάζεται.
528 2840 708 2912 Χάριν
738 2841 796 2895 δέ
840 2842 970 2910 ὑμῖν
1014 2841 1124 2913 ἔχω
1164 2841 1260 2896 καὶ
1298 2842 1397 2913 τῆς
1430 2842 1666 2914 σπουδῆς
1699 2843 1767 2914 ἢν

132 2994 141 3003 η
206 2930 534 2998 ἐπεδείξασθε
578 2933 721 3006 ὑπὲρ
759 2932 854 2988 τοῦ
902 2933 1107 3005 μηδένα
1147 2933 1375 3006 θόρυϐον
1416 2933 1669 3003 γενέσθαι
1709 2935 1769 2989 ἐν

205 3024 263 3094 τῇ
295 3022 588 3098 Ἐκκλησία
624 3027 691 3097 τῇ
726 3024 836 3079 τῶν
866 3024 1099 3091 Γότθων,
1140 3025 1255 3079 ἀλλ’
1294 3026 1376 3088 είς
1407 3024 1676 3097 ἀναϐολὴν
1706 3024 1770 3079 τὸ

208 3113 415 3183 πρᾶγμα
451 3116 741 3187 ἐμπεσεῖν.
789 3115 901 3170 Καὶ
947 3115 1009 3168 οὑ
1058 3114 1221 3186 μόνον
1261 3115 1364 3169 οὑκ
1405 3116 1644 3185 ἐγκαλῶ,
1684 3117 1767 3171 ὅτι

206 3203 374 3259 οὐδένα
412 3206 735 3279 ἐπέμψατε,
770 3206 908 3262 ἀλλὰ
947 3207 1044 3261 καὶ
1088 3207 1298 3261 ἐπαινῶ
1340 3208 1438 3262 καὶ
1475 3207 1762 3280 θαυμάζω.

217 3293 400 3351 Ἐκεῖνο
424 3298 540 3371 γάρ
592 3298 727 3353 πολὺ
769 3297 959 3353 τούτου
999 3298 1413 3371 προτιμότερον,
1453 3299 1515 3353 τὸ
1560 3299 1768 3364 πάντας

215 3384 343 3457 ὑμᾶς
371 3390 448 3453 είς
489 3388 596 3459 τὴν
630 3388 884 3444 ὑπόθεσιν
911 3387 1116 3458 ταύτην
1161 3388 1529 3460 ἀσχολεῖσθαι.
1571 3390 1664 3463 Μὴ
1702 3389 1769 3463 δὴ

205 3478 467 3553 διαλίπητε
501 3480 575 3536 τά
609 3484 740 3554 παρ’
768 3480 924 3553 ὑμῶν
963 3481 1145 3536 αὐτῶν
1187 3481 1533 3553 εἰσφέροντες
1574 3482 1669 3535 καὶ
1699 3482 1766 3535 δι’

208 3570 345 3642 ὑμῶν
368 3574 572 3641 αὑτῶν,
596 3575 692 3629 καὶ
718 3574 786 3628 δι’
809 3573 1033 3646 ἐτέρων,
1064 3564 1141 3627 ὧν
1173 3574 1240 3628 ἂν
1268 3568 1380 3627 οἷόν
1408 3589 1470 3626 τε
1497 3586 1523 3614 ι
1543 3568 1600 3646 ᾗ,
1625 3572 1766 3626 ὥστε

207 3662 471 3736 ὑπέρθεσιν
501 3664 586 3737 τῷ
623 3666 912 3738 πράγματι
958 3664 1233 3735 γενέσθαι.
1259 3666 1361 3718 Ἂν
1389 3682 1454 3718 τε
1491 3665 1601 3737 γάρ
1635 3664 1765 3719 ἀνύ-

208 3756 323 3827 σητέ
340 3774 409 3823 τι,
428 3755 497 3812 ἂν
517 3774 583 3811 τε
608 3758 705 3829 μὴ,
730 3757 824 3812 τὸν
848 3755 1037 3829 μισθὸν
1058 3754 1465 3829 άπηρτισμένον
1491 3753 1644 3826 ἔχετε
1666 3754 1767 3826 τῆς

204 3847 409 3925 γνώμης
434 3850 534 3908 καὶ
564 3851 664 3923 τῆς
693 3847 1020 3922 προθυμίας.

545 4049 681 4102 ΣΗ.
729 4043 973 4109 Ἀκακίῳ
998 4043 1397 4113 πρεσϐυτέρῳ.

272 4196 327 4255 ‘0
352 4199 497 4255 οὕτω
531 4199 738 4273 θερμὸς
760 4201 794 4272 ή
804 4198 922 4271 μῶν
949 4198 1207 4271 ἐραστής,
1231 4200 1261 4253 ό
1285 4197 1432 4252 οὕτω
1461 4196 1709 4271 σφοδρῶς
1735 4198 1765 4240 ι

201 4295 317 4367 περὶ
340 4298 487 4368 ἡμᾶς
519 4294 890 4366 διακείμενος,
909 4293 1033 4348 οὑδέ
1063 4293 1411 4366 γραμμάτων
1436 4293 1568 4365 ήμῖν
1598 4310 1767 4364 μετα-

199 4384 339 4453 δίδως
378 4387 486 4443 τῶν
540 4386 673 4441 σῶν.
710 4384 905 4439 Καίτοι
938 4400 1004 4453 γι
1053 4383 1156 4455 ήδη
1204 4382 1622 4455 ἐπεστάλκαμεν
1669 4384 1766 4437 καὶ

201 4478 355 4547 ᾶπαξ,
377 4482 472 4535 καὶ
498 4480 609 4545 δίς’
649 4477 811 4541 αὐτὸς
836 4476 894 4531 δὲ
923 4474 1282 4548 ὀκνηρότερος
1309 4475 1438 4547 περὶ
1471 4474 1631 4530 τοῦτο
1671 4476 1765 4545 γέ-

199 4585 366 4637 γονας.
402 4571 631 4627 Ἐννοῶν
672 4571 850 4625 τοίνυν
888 4569 1050 4641 ήλίκα
1095 4568 1226 4639 ήμῖν
1262 4565 1485 4639 χαρίζῃ,
1512 4565 1585 4621 τά
1634 4568 1764 4640 περὶ

199 4661 288 4734 τῆς
313 4665 523 4733 ὑγιείας
549 4681 644 4718 σου
668 4662 867 4736 δηλῶν,
898 4660 1036 4734 μετὰ
1062 4658 1256 4714 πολλοῦ
1286 4657 1380 4713 τοῦ
1402 4658 1601 4731 τάχους
1630 4661 1763 4733 ἡμῖν

200 4753 391 4823 γράψαι
429 4753 834 4827 παρακλήθητι.
877 4752 1084 4823 Πολλὴν
1117 4749 1226 4822 γάρ
1253 4750 1615 4823 καρπούμεθα
1658 4769 1764 4805 πα-

202 4843 470 4918 ράκλησιν,
495 4848 569 4901 τὰ
599 4848 728 4919 περὶ
765 4845 864 4917 τῆς
890 4844 1075 4915 ὑγείας
1107 4844 1260 4917 ὑμῶν
1288 4843 1396 4900 τῶν
1422 4842 1763 4915 ἀγαπώντων

198 4936 335 5006 ἡμᾶς
364 4939 722 5010 μανθάνοντες
755 4937 1012 5008 συνεχῶς.

745 5076 874 5131 ΣΘ¹.
906 5073 1217 5137 Σαλϐίωνι.

264 5200 383 5259 ὀτι
414 5206 512 5278 μὲν
539 5208 685 5279 ἡμᾶς
721 5206 965 5278 ἀγαπᾷς,
997 5204 1100 5261 κᾶν
1153 5203 1393 5276 γράφιις,
1442 5203 1545 5256 κᾶν
1579 5201 1758 5271 σιγᾷς,

199 5288 306 5349 οἶδα
329 5299 529 5369 σαφῶς.
554 5299 688 5355 Οὐδὲ
719 5301 829 5372 γὰρ
861 5298 1068 5353 δύνασα
1124 5293 1312 5351 λαθεῖν
1347 5294 1493 5348 οὑτω
1534 5292 1760 5364 σφοδρὸς

199 5387 347 5457 ἡμῶν
380 5390 458 5445 ὣν
497 5393 751 5467 ἐραστής,
782 5391 919 5449 ἀλλὰ
962 5391 1164 5454 πάντες
1207 5387 1365 5442 τοῦτο
1408 5386 1616 5458 ᾄδουσι,
1664 5385 1761 5439 καὶ

201 5477 373 5534 πολλοὶ
406 5485 537 5555 πρὸς
568 5486 716 5558 ήμᾶς
747 5483 1135 5557 ἀφικνούμενοι
1158 5481 1260 5552 τὴν
1291 5479 1503 5550 θερμήν
1546 5495 1638 5531 σου
1668 5480 1760 5532 καὶ

257 5626 284 5656 ⁸
305 5625 387 5700 S_ic
405 5642 496 5700 no;
515 5645 544 5700 ε
570 5631 773 5700 Samo,
798 5626 1180 5700 ειριιηείουσοὶ,
1197 5625 1327 5689 quod
1348 5623 1477 5688 apud
1501 5620 1669 5673 Momf.
1707 5628 1762 5672 et

203 5684 365 5789 ᾏίξει.
388 5693 545 5757 ρος»ιῆ
574 5684 794 5768 additu}?!
813 5684 1014 5756 le'gitur.
1042 5684 1177 5767 Ιξυιτ.
1213 5684 1231 5689 ”
1380 5684 1396 5688 ⁷

275 5751 410 5821 “Duo
438 5766 551 5806 mss.
586 5756 805 5821 σφοδρως
843 5756 949 5819 περὶ
985 5755 1130 5814 ἡμας,
1168 5750 1240 5801 sic
1281 5748 1434 5800 Savil.
1478 5745 1536 5796 In
1580 5745 1756 5797 Μαι-ει.

205 5809 393 5875 σφόδρα.

1614 355 1996 416 EPISTOLIE.

3358 369 3463 423 728

1887 479 2115 552 γνησίαν
2158 479 2288 551 ἡμῖν
2323 478 2761 547 ἀπαγγέλλουσιν
2806 478 3055 551 ἀγάπην.
3101 479 3460 553 Ἐϐουλόμεθα

1884 571 1943 625 δὲ
1979 572 2074 627 καὶ
2110 572 2413 645 γράμματα
2442 572 2680 642 συνεχῶς
2705 572 2955 643 δέχεσθαι
2992 573 3142 647 παρὰ
3174 575 3274 646 τῆς
3306 576 3466 645 εὖγε-

1883 661 2034 726 νείας
2069 663 2168 733 τῆς
2201 662 2322 732 σῆς,
2366 662 2497 733 περὶ
2527 665 2628 733 τῆς
2664 663 2852 731 ὑγείας
2890 663 2992 733 τῆς
3035 664 3136 728 σῆς
3178 665 3463 736 δηλοῦντα,

1883 751 1978 805 καὶ
2012 751 2113 822 τῆς
2153 750 2439 821 δεσποίνης
2478 768 2583 821 μου
2614 752 2714 823 τῆς
2746 751 3036 824 ἐλευθέρας
3067 770 3181 818 σου,
3226 754 3322 807 καὶ
3367 754 3463 808 τοῦ

1881 844 2030 897 οἴκου
2078 859 2173 896 σου
2210 843 2437 907 παντός·
2471 838 2630 896 οἶσθα
2666 844 2778 915 7&9
2820 844 2967 907 ὅπως
3013 845 3147 914 ἡμῖν
3179 843 3337 898 τοῦτο
3367 862 3458 899 πε-

1884 934 2290 1006 ρισπούδαστον.
2319 933 2481 988 Ταῦτ’
2521 932 2612 988 οῦν
2641 932 2816 1000 εἰδὼς,
2856 927 3090 988 δέσποτά
3133 952 3235 1006 μου
3266 936 3462 1006 τιμιώ-

1879 1034 2031 1084 τατε,
2067 1018 2117 1071 εί
2155 1018 2250 1071 καὶ
2284 1018 2521 1090 ἐργῶδες
2549 1020 2688 1090 ὅπερ
2732 1017 2991 1091 αἰτοῦμεν
3019 1019 3205 1073 λοιπὸν
3238 1019 3325 1073 διὰ
3364 1020 3464 1091 τὴν

1878 1107 1976 1162 τοῦ
2023 1107 2289 1179 χειμῶνος
2329 1108 2499 1181 ὥραν,
2548 1110 2644 1162 καὶ
2687 1109 2749 1163 τὸ
2796 1111 3087 1176 σπανιάκις
3135 1114 3268 1183 ἡμῖν
3308 1130 3464 1186 τινας

1880 1196 2285 1269 ἐπιχωριάζειν,
2307 1198 2395 1250 ὅτε
2420 1197 2488 1251 ἂν
2509 1196 2628 1269 ἐξῇ,
2656 1198 2893 1269 γράφειν
2917 1201 3049 1270 ἡμῖν
3089 1200 3164 1272 μὴ
3188 1200 3462 1270 κατόκνει,

1880 1285 2052 1339 ταῦτα
2089 1285 2265 1357 δηλῶν
2307 1285 2453 1358 άπερ
2499 1287 2805 1359 ᾑτήσαμεν.
2849 1287 2960 1359 Τὴν
2991 1290 3100 1361 7&9
3137 1289 3330 1356 ὑγείαν
3364 1292 3463 1363 τὴν

1882 1377 2292 1449 ὑμετέρανηκαὶ
2331 1379 2430 1450 τὴν
2469 1378 2771 1447 ἀσφάλειαν
2815 1380 3086 1453 ἡμέτερον
3126 1378 3266 1436 εἶναι
3304 1385 3463 1455 νομί-

1882 1466 2046 1540 ζομεν
2075 1467 2324 1533 πλοῦτον,
2353 1469 2450 1523 καὶ
2492 1469 2854 1543 εὐφροσύνην,
2883 1473 2977 1526 καὶ
3011 1473 3211 1545 πολλὴν
3246 1475 3458 1547 ἡδονήν.

1881 1560 1975 1632 Μὴ
2013 1561 2079 1633 δὴ
2113 1560 2382 1633 τοσαύτης
2422 1563 2571 1634 ήμᾶς
2619 1563 3003 1637 ἀποστερήσῃς
3044 1566 3278 1637 ἡδονῆς,
3326 1550 3464 1622 ἀλλά

1880 1652 2100 1725 χαρίζου
2127 1654 2239 1716 τοῖς
2274 1653 2479 1725 σφόδρα
2514 1670 2574 1707 σε
2606 1654 2864 1723 ἀγαπῶσι
2898 1654 2998 1727 τὴν
3030 1656 3120 1711 διὰ
3156 1657 3265 1711 τῶν
3288 1656 3465 1711 τοιού-

1879 1764 1987 1801 των
2008 1745 2352 1818 γραμμάτων
2373 1745 2740 1821 παράκλησιν,
2756 1746 2958 1820 πολλὴν
2979 1750 3111 1820 ἡμῖν
3133 1747 3465 1821 κομίζουσαν

1879 1836 1989 1909 τὴν
2008 1834 2385 1909 παραμυθίαν.

2368 1986 2521 2063 [717]
2547 1990 2649 2046 Σιν.
2681 1988 2974 2061 θεοδώρῳ.

1961 2142 2280 2215 Ἔθαύμασα
2308 2143 2429 2208 πῶς
2458 2145 2593 2217 παρ’
2614 2144 2818 2216 ἐτέρων
2839 2145 3044 2217 ἔμαθον
3065 2144 3161 2221 τήν
3188 2147 3462 2222 ρᾳθυμίαν

1878 2234 2201 2290 Σαλουστίου
2249 2232 2342 2290 τοῦ
2392 2237 2791 2310 πρεσϐυτέρου.
2837 2236 2942 2292 Καὶ
2987 2238 3098 2311 γὰρ
3154 2240 3460 2314 ἐγνωρίσθη

1882 2345 1971 2400 μοι
2005 2329 2087 2383 ὅτι
2127 2328 2280 2399 μόλις
2325 2330 2485 2382 πέντε
2527 2329 2747 2400 ὁμιλίας
2784 2324 2939 2384 εἶπεν
2980 2330 3087 2397 ἕως
3127 2331 3460 2405 Ὀκτωϐρίου

1881 2418 2070 2492 μηνὸς,
2103 2419 2198 2473 καὶ
2234 2420 2318 2474 ὅτι
2352 2420 2448 2473 καὶ
2476 2417 2640 2482 αὐτὸς
2674 2417 2770 2472 καὶ
2807 2419 3065 2489 Θεόφιλος
3092 2421 3122 2473 ὁ
3162 2421 3462 2492 πρεσϐύτε-

1878 2528 1993 2583 ρος,
2020 2514 2049 2565 ὀ
2077 2512 2178 2584 μὲν
2222 2511 2391 2584 ὅκνῳ,
2437 2511 2466 2564 ὁ
2509 2511 2566 2565 δὲ
2603 2508 2800 2584 δειλίᾳ,
2835 2510 2896 2566 οὐ
2939 2512 3344 2586 παραϐάλλουσι
3392 2515 3461 2585 τῇ

1876 2602 2120 2670 συνάξει.
2160 2604 2320 2659 Ἀλλά
2348 2604 2594 2677 Θεοφίλῳ
2632 2603 2731 2676 μὶν
2765 2605 3121 2678 σφοδρότερον
3154 2606 3460 2669 ἐπέστειλα,

1875 2694 2261 2768 καθαψάμενος
2288 2695 2478 2762 αὑτοῦ,
2504 2694 2828 2750 Σαλουστίου
2856 2696 2912 2749 δὲ
2935 2696 3123 2751 ἕνεκεν
3152 2700 3221 2770 τῇ
3246 2700 3311 2769 σῇ
3340 2700 3464 2753 ἐπι-

1876 2784 2078 2838 στέλλω
2126 2786 2421 2856 τιμιότητι,
2466 2784 2655 2856 ἐπειδὴ
2704 2780 2821 2838 οἶδα
2861 2785 2979 2848 πῶς
3018 2785 3183 2839 αὑτοῦ
3228 2786 3457 2859 σφοδρὸς

1875 2876 2111 2946 ἐραστὴς
2133 2871 2214 2929 εἷ·
2249 2875 2344 2930 καὶ
2391 2875 2596 2947 σφόδρα
2629 2874 2810 2947 χαίρω
2836 2876 2931 2930 καὶ
2958 2875 3325 2948 εὐφραίνομαι
3366 2878 3463 2930 ἐπὶ

1872 2965 2069 3037 τούτῳ.
2102 2966 2215 3020 Καὶ
2252 2965 2405 3035 ἀλγῶ
2438 2965 2575 3038 πρὸς
2614 2964 2717 3035 τὴν
2758 2965 2856 3037 σὴν
2898 2966 3211 3037 τιμιότητα,
3244 2966 3326 3020 ὅτι
3369 2983 3462 3038 μοι

1874 3057 1977 3112 οὑκ
2004 3058 2266 3130 ἐποίησας
2287 3056 2446 3111 τοῦτο
2481 3057 2660 3127 δῆλον,
2690 3055 2808 3110 δέον
2836 3057 2932 3111 καὶ
2955 3056 3269 3128 διορθῶσαι,
3297 3057 3465 3119 αὐτὸς

1873 3147 1931 3202 δὲ
1964 3147 2243 3220 οὐδέτερον
2268 3148 2475 3202 τούτων
2512 3148 2795 3218 ἐποίησας.
2821 3146 2936 3200 Νῦν
2968 3146 3100 3216 γοῦν
3133 3147 3465 3219 παρακαλῶ,

1875 3239 1968 3293 καὶ
2006 3239 2188 3311 σαυτῷ
2212 3240 2307 3293 καὶ
2339 3241 2473 3311 ἡμῖν
2494 3239 2563 3294 τά
2594 3238 2825 3310 μέγιστα
2861 3239 3239 3311 χαριζόμενος,
3273 3239 3462 3308 διέγειρ

1877 3345 1970 3402 ρον
1994 3330 2157 3384 αὑτὸν
2189 3330 2565 3402 σφοδρότερον,
2610 3331 2704 3384 καὶ
2741 3329 2816 3401 μὴ
2848 3328 2910 3382 ἔα
2953 3328 3114 3384 αὑτὸν
3155 3328 3466 3394 καθεύδειν,

1878 3421 2011 3492 μηδὲ
2035 3422 2244 3494 ἀργεῖν.
2271 3422 2336 3475 Εἰ
2360 3421 2472 3493 γὰρ
2504 3420 2579 3492 μὴ
2601 3421 2696 3475 νῦν
2729 3423 2788 3474 ὲν
2814 3419 2894 3492 τῷ
2925 3419 3157 3492 χειμῶνι
3182 3419 3291 3474 τῶν
3321 3437 3462 3492 πρα-

1872 3511 2101 3582 γμάτων
2141 3511 2348 3566 τούτων
2385 3513 2480 3565 καὶ
2506 3514 2573 3584 τῇ
2605 3511 2743 3585 ζάλῃ
2773 3512 2872 3581 τὴν
2912 3513 3299 3584 προσήκουσαν
3340 3514 3465 3566 ἐπιν-

1871 3603 2104 3669 δείξαιτο
2162 3604 2435 3676 ἀνδρείαν,
2487 3604 2619 3657 πότε
2669 3603 2836 3658 αὑτοῦ
2885 3603 3265 3675 δεηθησόμεθα
3307 3615 3331 3645 ο
3368 3603 3463 3658 οῦ-

1872 3713 1980 3760 τως
2003 3714 2023 3763 ;
2050 3696 2180 3750 ὅταν
2212 3695 2421 3768 γαλήνη
2463 3696 2691 3768 γένηται
2740 3696 2836 3750 καὶ
2880 3697 3107 3768 είρήνη;
3149 3696 3466 3767 Παρακαλῶ

1870 3788 2072 3855 τοίνυν,
2118 3787 2188 3841 τὰ
2235 3786 2419 3858 σαυτῷ
2468 3787 2749 3860 πρέποντα
2791 3786 2971 3842 ποιῶν
3008 3788 3105 3843 καὶ
3150 3788 3312 3842 αὑτὸν
3364 3788 3466 3842 καὶ

1873 3878 2083 3943 πάντας
2111 3878 2379 3950 διέγειρον
2411 3881 2493 3944 εἰς
2522 3879 2622 3953 τὴν
2660 3879 2897 3950 σπουδὴν
2923 3879 3019 3934 καὶ
3045 3879 3151 3950 τὴν
3171 3879 3466 3949 ἀντίληψιν

1869 3970 1965 4026 τοῦ
2007 3970 2407 4043 χειμαζομένου
2462 3970 2618 4037 λαοῦ,
2651 3970 2681 4024 δ
2714 3971 2808 4025 καὶ
2852 3971 2961 4044 πρὸ
3002 3970 3117 4025 τῶν
3169 3970 3465 4041 ἡμετέρων

1871 4061 2215 4134 γραμμάτων
2256 4054 2317 4115 εὖ
2368 4055 2464 4115 οἷδ’
2502 4061 2600 4115 ὅτι
2640 4059 2852 4115 οἴκοθεν
2899 4059 2994 4114 καὶ
3054 4059 3209 4131 παρὰ
3250 4059 3455 4113 σαυτοῦ

1872 4155 2073 4218 ποιεῖς.

2226 4285 2387 4341 XIA'.
2421 4282 2670 4355 Τιμοθέῳ
2694 4282 3092 4354 πρεσϐυτέρᾳ
3122 4366 3131 4373 β

1952 4440 2145 4514 Ἡμεῖς
2184 4440 2286 4513 μὲν
2315 4439 2399 4494 σοί¹
2439 4440 2535 4494 καὶ
2570 4438 2766 4511 πρώην
2804 4438 3219 4510 ἐπεστάλκαμεν
3247 4439 3342 4494 καὶ
3373 4442 3460 4513 τῷ

1871 4534 2047 4605 κυρίῳ
2080 4551 2186 4606 μου
2206 4532 2285 4604 τῷ
2306 4531 2622 4604 τιμιωτάτῳ
2648 4530 2913 4603 τριϐούνῳ
2938 4531 3258 4603 Μαρκιανῷ·
3287 4533 3457 4599 αὐτὸς

1869 4626 1929 4681 δέ
1974 4625 2099 4681 οὑτε
2154 4626 2286 4697 παρ’
2328 4624 2540 4678 ἐκείνου
2594 4623 2899 4695 γράμματα
2948 4624 3087 4693 ἡμῖν
3131 4625 3457 4696 πεμφθῆναι

1871 4718 2313 4791 παρεσκεύασας,
2345 4713 2469 4769 οὔτε
2515 4714 2678 4778 αὑτὸς
2726 4715 2875 4786 ἡμῖν.
2901 4714 3260 4779 ἐπέσταλκας.
3304 4716 3456 4771 Ἀλλ’

1869 4809 2019 4879 ὅμως
2061 4809 2223 4878 ἡμεῖς
2269 4806 2494 4868 ἑαυτοὺς
2541 4803 2886 4876 μιμούμενοι,
2927 4803 2988 4857 οὑ
3029 4792 3318 4876 παυόμεθα
3366 4806 3446 4860 δι-

1869 4887 2079 4971 ηνεκῶς
2125 4897 2279 4968 ὑμῶν
2330 4895 2665 4968 μεμνημένοι
2704 4894 2800 4949 καὶ
2833 4894 3256 4962 ἐπιστέλλοντες,
3286 4895 3448 4967 ἡνίκα

1870 4990 1938 5045 ἂν
1969 4990 2095 5062 ἐξῇ*
2127 4988 2156 5042 δ
2200 4988 2269 5063 δὴ
2310 4986 2409 5044 καὶ
2451 4986 2547 5041 νῦν
2597 4986 2995 5057 πεποιήκαμεν,
3047 4986 3274 5058 χάριτας
3317 4987 3452 5061 ὑμῖν

1867 5064 2257 5149 ὁμολογοῦντες
2301 5078 2502 5152 μυρίας
2549 5078 2699 5149 ὑπὲρ,
2726 5076 2825 5147 τῆς
2866 5077 3101 5148 σπουδῆς
3143 5072 3213 5152 ἦς
3241 5078 3452 5132 ἐπιδεί-

1870 5172 2090 5237 κνυσθε,
2135 5173 2232 5227 καὶ
2277 5171 2386 5225 τῶν
2431 5168 2692 5225 κινδύνων
2719 5167 2812 5233 οὒς
2845 5168 3167 5239 ὑπομένετε,
3209 5169 3302 5223 καὶ
3341 5186 3452 5240 μαι»

1867 5264 2181 5335 καρίζοντες
2231 5262 2397 5334 ὑμᾶς.
2439 5262 2523 5315 Οὑ
2573 5260 2682 5331 7&9
2735 5259 2966 5331 μικροὺς
3016 5258 3267 5313 ἐντεῦθεν
3315 5259 3449 5330 ὑμῖν

1870 5353 2301 5426 προαποτίθεσθε
2329 5352 2643 5423 στεφάνους,
2681 5351 2816 5423 πρὸς
2853 5350 3034 5420 ὀλίγον
3066 5350 3165 5421 μὲν
3191 5349 3451 5420 θλιϐόμε-

1868 5464 1970 5513 νοι,
1998 5447 2264 5518 διηνεκεῖς
2299 5445 2356 5498 δὲ
2398 5443 2635 5515 ἀμοιϐὰς
2672 5446 2731 5497 ἐν
2775 5444 2889 5507 τοῖς
2933 5442 3180 5513 οὐρανοῖς
3226 5455 3447 5513 προπω-

1871 5538 2296 5610 ρασκευάζοντες
2333 5536 2484 5609 ὑμῖν,
2527 5538 2629 5590 καὶ
2666 5533 2849 5606 πολλῷ
2890 5533 3108 5604 μείζους
3135 5530 3244 5584 τῶν
3281 5530 3443 5602 ἱδρώ-

1866 5645 1974 5683 των
2002 5627 2228 5682 τούτων.
2265 5630 2350 5682 Οὐ
2381 5619 2500 5698 '7&9
2533 5626 2673 5693 ἄξια
2713 5628 2787 5682 τὰ
2831 5623 3150 5695 ,παθήματα
3180 5622 3288 5677 τοῦ
3325 5618 3443 5675 νῦν

1924 5796 1947 5826 ⁸
1978 5806 2088 5859 Duo
2105 5817 2218 5855 mss.
2244 5801 2525 5865 δεησόμεθα.
