3950 6372
440 346 551 410 790

435 470 646 543 καιροῦ
675 469 827 541 πρὸς
859 469 973 539 τὴν
993 468 1348 539 μέλλοι-σαν
1373 466 1563 535 δόξαν
1586 468 2017 539 ἀποκαλυφθῆ-

437 587 540 628 ναι
575 587 664 636 εις
698 567 877 640 ἡμᾶς.

788 726 938 780 ΣΙΗ.
969 727 1235 795 Θεοφίλῳ
1260 726 1659 798 πρεσϐυτέρῳ.

478 822 718 928 ’Σφόδρα
761 858 976 928 ήλγησα
1032 858 1272 926 ἀκούσας
1307 861 1388 914 ὅτι
1438 862 1532 915 καὶ
1578 860 1643 914 σὺ
1684 861 1778 915 καὶ
1815 859 2020 916 Σαλού-

438 972 583 1018 στιος
610 955 638 1008 ὁ
675 955 1046 1028 πρεσϐύτερος
1086 957 1147 1010 οὐ
1196 956 1436 1028 συνεχῶς
1481 957 1619 1029 πρὸς
1655 957 1753 1030 τὴν
1801 958 2020 1026 σύναξιν

435 1050 833 1123 παραϐάλλετε,
861 1053 956 1106 καὶ
1002 1052 1101 1123 οὐχ
1143 1050 1219 1117 ὡς
1258 1051 1415 1124 ἔτυχέ
1455 1070 1524 1124 με
1554 1055 1713 1108 τοῦτο
1754 1054 2014 1127 ἐλύπησε.

436 1145 745 1219 Παρακαλῶ
781 1147 984 1213 τοίνυν,
1017 1148 1067 1201 εί
1099 1147 1201 1218 μὲν
1230 1146 1425 1218 ψεῦδος
1455 1148 1632 1214 τοῦτο,
1659 1149 1894 1222 δηλῶσαί
1927 1168 2020 1222 μοι

435 1244 793 1310 σπουδάσατε,
822 1244 903 1298 δτι
947 1245 1127 1316 μάτην
1154 1246 1662 1318 ἐσυκοφαντήθητε·
1707 1247 1756 1300 εί
1792 1246 1849 1301 δὲ
1886 1247 2020 1319 ἀλη-

434 1342 558 1409 θές,
607 1342 975 1414 διορθώσασθε
1022 1342 1123 1415 τὴν
1172 1341 1429 1414 τοιαύτην
1476 1342 1766 1415 ρᾳθυμίαν.
1806 1344 2018 1416 Ὠσπερ

433 1438 545 1510 7&9
581 1439 837 1509 μέγιστος
877 1441 1007 1511 ὑμῖν
1051 1443 1201 1494 ἐστιν
1233 1441 1265 1494 ὁ
1315 1438 1528 1511 μισθὸς,
1565 1440 1800 1511 μάλιστα
1846 1442 1905 1495 ἐν
1938 1441 2017 1512 τῷ

435 1535 665 1607 παρόντι
698 1535 875 1609 καιρῷ
904 1537 1002 1610 τὴν
1029 1540 1416 1612 προσήκουσαν
1442 1539 1695 1612 ἀνδρείαν
1720 1541 2023 1597 ἐπιδεικνυ-

439 1630 650 1701 μένοις’
709 1632 881 1697 οὕτως
932 1633 994 1687 οὐ
1045 1633 1223 1707 [718]
1268 1634 1330 1688 τὸ
1401 1634 1562 1706 τυχὸν
1621 1635 1776 1690 ἔσται
1841 1641 2020 1710 κρῖμα

442 1726 684 1795 ὀκνοῦσι,
711 1728 810 1782 καὶ
841 1729 1246 1801 ἀναδυομένοις,
1274 1730 1369 1785 καὶ
1400 1730 1468 1785 τὰ
1494 1733 1626 1804 παρ’
1673 1732 1885 1787 ἑαυτῶν
1918 1734 2018 1788 οὐκ

435 1824 797 1895 εἰσφέρουσιν.
830 1827 973 1880 Ἰστε
1018 1825 1128 1899 γὰρ
1159 1827 1213 1880 τί
1264 1828 1533 1883 πέπονθεν
1563 1830 1594 1883 ό
1639 1829 1702 1883 τὸ
1752 1831 2017 1888 τάλαντον

438 1920 761 1991 καταχώσας
787 1920 849 1975 τὸ
881 1921 959 1987 ἓν,
987 1922 1046 1986 ὃς
1074 1923 1226 1978 οὐδὲν
1263 1924 1449 1997 ἕτερον
1477 1926 1898 1998 ἐγκαλούμενος,
1928 1928 2017 1983 διὰ

434 2016 592 2096 τοῦτο
636 2017 794 2087 μόνον
833 2018 1140 2085 ἐκολάζετο,
1171 2021 1266 2075 καὶ
1314 2022 1689 2096 ἀπαραίτητον
1735 2026 1907 2080 ἐδίδου
1939 2025 2018 2080 δί-

434 2129 558 2184 κην.
597 2114 943 2169 Σπουδάσατε
966 2112 1060 2172 οὖν
1081 2116 1170 2172 διὰ
1194 2118 1395 2191 τάχους
1418 2120 1782 2194 ἐλευθερῶσαι
1815 2140 1884 2194 με
1916 2123 2018 2196 τῆς

434 2209 731 2280 φροντίδος.
758 2211 971 2284 Ὥσπερ
995 2213 1105 2285 γὰρ
1133 2215 1336 2288 πολλήν
1368 2235 1458 2288 μοι
1481 2218 1640 2290 φέρει
1670 2220 2018 2291 παράκλησιν

433 2306 528 2360 καὶ⁵
555 2307 929 2379 παραμυθίαν,
966 2310 1195 2365 ἐπειδὰν
1231 2312 1472 2378 ἀκούσω,
1506 2316 1589 2369 ὅτι
1630 2316 1771 2386 μετά
1811 2317 2017 2388 προθυ-

436 2400 567 2471 μίας
621 2401 838 2458 ἅπαντα
880 2405 972 2458 τὸν
1010 2406 1405 2478 χειμαζόμενον
1450 2409 1579 2465 λαὸν
1629 2420 2013 2486 συγκροτεῖτε*

433 2494 609 2561 οὕτως
643 2497 866 2553 ἐπειδὰν
907 2500 1083 2572 μάθω,
1127 2502 1211 2556 ὅτι
1250 2505 1395 2568 τινές
1428 2506 1785 2579 ρᾳθυμοῦσιν,
1812 2512 1911 2583 οὐχ
1936 2513 2020 2578 ὡς

434 2593 624 2668 ἔτυχεν
667 2596 818 2667 ἀλγῶ
864 2599 1005 2671 ὑπὲρ
1056 2603 1239 2657 αὐτῶν
1284 2604 1394 2659 τῶν
1448 2606 1859 2680 ῥᾳθυμούντων.
1907 2611 2019 2683 Τὴν

434 2690 538 2765 μὲν
562 2691 672 2766 7&9
702 2695 998 2768 καλλίστην
1030 2700 1235 2773 ἀγέλην
1260 2702 1475 2776 ἐκείνην
1505 2707 1538 2776 ή
1572 2705 1667 2759 τοῦ
1693 2706 1828 2760 Θεοῦ
1854 2708 2017 2782 χάρις

433 2788 557 2845 καθ’
582 2791 821 2864 ἐκάστην
850 2800 1146 2868 συγκροτεῖ
1169 2798 1404 2871 ἡμέραν,
1435 2802 1687 2876 καθάπερ
1724 2806 1820 2860 καὶ
1860 2807 2019 2879 ὑμεῖς

431 2884 520 2941 διὰ
542 2886 654 2940 τῶν
676 2887 852 2960 ἔργων
878 2891 1058 2946 αὐτῶν
1079 2893 1282 2963 ἔγνωτε
1303 2912 1316 2926 ο
1343 2897 1394 2950 οί
1421 2896 1477 2950 δέ
1508 2899 1755 2974 ῥᾳθυμίᾳ
1782 2882 1854 2957 τά
1885 2904 2016 2976 παρ’

429 2984 637 3039 ἑαυτῶν
684 2986 1139 3059 ἐλλιμπάνοντες,
1182 2992 1243 3046 οὐ
1296 2995 1492 3066 μικρὸν
1525 2998 1740 3066 ἑαυτοῖς
1781 3000 1871 3055 διὰ
1917 3004 2017 3076 τῆς

425 3081 705 3156 ῥᾳθυμίας
729 3084 931 3158 ταύτης
962 3087 1258 3157 συνάγουσι
1289 3094 1481 3163 κρῖμα.

762 3242 925 3296 ΣΙΠ.
959 3243 1236 3308 Φιλίππῳ
1268 3248 1668 3319 πρεσϐυτέρῳ.

510 3373 852 3446 Ἐθαύμασα,
890 3377 1010 3442 πῶς
1038 3380 1097 3433 ἐν
1129 3380 1273 3435 οὑτω
1303 3384 1482 3456 χρόνῳ
1509 3386 1706 3460 μακρῷ
1740 3390 1873 3461 ἡμῖν
1913 3390 2016 3445 οὐκ

428 3470 794 3538 ἐπέσταλκας,
832 3475 947 3529 ἀλλ’
971 3478 1196 3550 ἀγάπην
1231 3481 1329 3552 μὲν
1369 3486 1499 3556 περὶ
1532 3486 1681 3557 ἡμᾶς
1718 3488 2017 3544 ἐπιδείκνυ·

431 3587 526 3625 σαι
573 3572 666 3626 καὶ
715 3573 955 3641 ἀπόντας
1009 3577 1230 3651 πολλὴν,
1264 3583 1609 3655 γραμμάτων
1655 3585 1714 3639 δέ
1764 3589 1900 3659 ἡμῖν
1951 3590 2014 3643 οὐ

433 3670 742 3740 μετέδωκας
778 3672 887 3727 τῶν
935 3673 1061 3730 σῶν.
1108 3676 1225 3731 Νῦν
1271 3679 1403 3747 γοῦν
1439 3682 1571 3752 ἡμῖν
1614 3684 1897 3754 γράφειν⁸
1938 3687 2013 3758 μὴ

429 3769 790 3841 κατοκνήσῃς,
827 3769 898 3824 τὰ
926 3771 1054 3845 περὶ
1078 3773 1180 3845 τῆς
1205 3774 1392 3843 ὑγείας
1422 3778 1523 3850 τῆς
1562 3779 1673 3850 σῆς
1695 3780 1870 3854 δηλῶν
1888 3799 1904 3816 ο
1936 3785 2017 3850 ὡς

394 3876 397 3881 '
429 3863 590 3934 ἡμεῖς
623 3881 711 3933 γε,
758 3866 854 3919 καὶ
893 3866 968 3940 μὴ
999 3869 1305 3940 γράφοντός
1338 3888 1454 3940 σου,
1491 3872 1564 3927 τά
1604 3874 1674 3930 σά
1716 3894 2017 3951 περιεργα-

431 3957 656 4030 ζόμεθα,
707 3962 803 4016 καὶ
843 3962 1108 4036 ἔγνωμεν,
1141 3968 1225 4021 ὅτι
1271 3968 1367 4023 καὶ
1405 3971 1507 4043 τῆς
1540 3972 1741 4045 σχολῆς
1785 3974 2013 4048 ἐξεϐλή-

431 4054 583 4126 θητε,
610 4058 712 4131 τήν
736 4060 867 4131 ὑμῖν
895 4064 1213 4135 πρέπουσαν
1235 4069 1550 4141 παρρησίαν
1582 4072 2009 4146 ἐπιδειξάμενοι.

430 4153 602 4208 τοῦτο
644 4156 774 4228 ὑμῖν
838 4160 1061 4229 μισθὸς,
1109 4162 1269 4216 τοῦτο
1318 4169 1671 4237 πραγματεία
1723 4170 2011 4243 οὐράνιος,

429 4252 589 4308 τοῦτο
622 4255 884 4325 στέφανος
926 4258 1223 4329 ἀκήρατος,
1254 4261 1413 4316 τοῦτο
1462 4263 1733 4335 βραϐείων
1780 4269 2009 4340 πλῆθος.

431 4347 598 4402 Ταῦτ’
631 4344 723 4403 οῦν
753 4350 967 4405 ἅπαντα
994 4352 1353 4427 λογιζόμενοι,
1395 4360 1662 4428 γενναίως
1706 4363 1902 4435 φέρετε
1943 4367 2015 4421 τὰ

433 4446 833 4517 συμπίπτοντα.
880 4447 1086 4514 Ἱκανὸς
1139 4451 1249 4524 7&9
1288 4456 1317 4508 ό
1366 4454 1500 4521 Θεὸς
1560 4459 1655 4514 καὶ
1712 4463 1839 4526 τοὺς
1887 4481 2014 4518 πει-

433 4542 677 4614 ρασμοὺς
705 4542 863 4598 λῦσαι
892 4545 1254 4620 τούτους,,καὶ
1288 4551 1551 4622 ταχίστην
1582 4557 1807 4629 ποιῆσαι
1837 4560 2013 4633 γαλή-

431 4657 550 4713 νην,
607 4641 828 4714 καὶτῆς
869 4644 1146 4719 ὑπομονῆς
1183 4648 1311 4720 ὑμῖν
1351 4648 1555 4724 ταύτης
1602 4654 1770 4710 πολὺν
1815 4656 1908 4711 καὶ
1950 4658 2008 4712 ἐν

394 4736 509 4813 ,τῷ
540 4737 786 4808 μέλλοντι
812 4741 968 4796 αίῶνι
996 4741 1180 4797 δοῦναι
1214 4745 1304 4799 τδν
1337 4746 1549 4818 μισθόν.

710 4893 865 4950 Σ1Δ’.
904 4899 1282 4968 Σεϐαστιανῷ
1317 4905 1717 4974 πρεσϐυτέρῳ.

500 5031 566 5084 El
594 5033 687 5086 καὶ
716 5032 793 5103 τῷ
829 5033 1038 5105 σώματι
1073 5040 1457 5112 κεχωρίσμεθά
1482 5060 1574 5096 σου
1617 5042 1717 5116 τῆς
1756 5046 2012 5119 τιμιότη-

430 5145 542 5195 τος,
575 5128 710 5185 ἀλλά
738 5132 830 5185 καὶ
860 5136 926 5205 τῇ
954 5135 1143 5207 ἀγάπῃ
1182 5126 1265 5191 σοι
1295 5138 1675 5211 συνδεδέμεθα,
1705 5145 1801 5197 καὶ
1843 5145 2011 5201 ὅπου·

433 5243 540 5298 περ
562 5225 630 5283 ἂν
650 5221 822 5299 ὦμεν,
856 5232 1225 5305 περιφέρομέν
1256 5253 1352 5290 σου
1378 5236 1478 5309 τὴν
1502 5237 1743 5293 διάθεσιν
1775 5224 1869 5295 ἐπὶ
1902 5243 2007 5314 τῆς

436 5323 678 5394 μνήμης,
713 5323 825 5381 κᾶν,
844 5327 924 5390 είς
955 5328 1096 5382 αὐτά
1124 5329 1223 5402 τῆς
1252 5332 1576 5403 οἰκουμένης
1612 5336 2000 5410 ἀπενεχθῶμεν

431 5416 502 5471 τὰ
539 5418 807 5491 τέρματα.
842 5423 965 5476 Ὅτι
1006 5423 1064 5476 δὲ
1109 5426 1203 5479 καὶ
1255 5427 1417 5492 αὐτὸς
1455 5429 1689 5502 ἀληστον
1732 5433 1877 5504 ἔχεις
1908 5435 2011 5507 τὴν

433 5517 657 5591 μνήμην
683 5521 863 5594 ήμῶν,
901 5521 1055 5576 οὐδὲν
1091 5518 1245 5596 οἴμαι
1284 5528 1396 5582 δεῖν
1435 5530 1818 5601 ἀμφιϐάλλειν.
1871 5530 2007 5612 Οἶδα

433 5701 726 5821 “£63;ng
762 5717 875 5755 ωδε,
900 5701 1017 5764 ἡμῖν
1058 5705 1252 5771 γράψαι.
1280 5706 1405 5758 Infra
1430 5708 1503 5758 δτι
1524 5709 1710 5771 καὶτῆς
1733 5713 1912 5777 σχολῆς
1930 5716 2007 5776 ἐξ·

1110 358 1167 413 S.
1205 359 1488 417 JOANPIIS
1521 361 2013 421 CHRYSOSTOMI
2050 361 2366 424 ARCIIIEP.
2412 367 2962 425 CONSTANTINOP.

3579 386 3692 445 730

2124 475 2235 547 γάρ
2278 495 2374 532 σου
2409 481 2471 536 τὸ
2503 485 2726 557 γνήσιον
2754 487 2853 558 τῆς
2888 487 3200 555 διαθέσεως,
3248 490 3347 563 τῆς
3389 494 3608 567 ἀγάπης
3640 499 3712 555 τδ

2123 584 2446 658 σπὲεῤῥδνηδ
2475 592 2872 664 ἀπερίτρεπτον
2900 594 3001 665 τῆς
3028 594 3381 667 γνὼμηςΔιδ
3403 599 3495 654 καὶ
3510 619 3710 675 παρα-

2121 686 2392 759 καλοῦμεν
2416 693 2655 763 συνεχῶς
2682 696 2812 765 ήμῖν
2841 696 3198 762 ἐπιστέλλειν,
3219 699 3313 753 καὶ
3341 700 3409 755 τὰ
3438 704 3567 775 περὶ
3598 706 3714 777 τῆς

2122 792 2310 863 ὑγείας
2345 797 2445 868 τῆς
2501 802 2599 870 σῆς
2651 801 3122 872 εὐαγγελίζεσθαι.
3169 807 3380 880 Σφόδρα
3419 812 3529 883 γὰρ
3564 814 3716 883 ἡμῖν

2121 904 2590 973 περισπούδαστον
2625 908 2754 980 περὶ
2777 909 2982 981 ταύτης
3013 912 3340 982 μανθάνειν·
3377 916 3469 969 καὶ
3495 917 3720 987 πολλὴν

2119 1006 2215 1059 καὶ
2243 1009 2302 1061 ἐν
2325 1009 2531 1082 ἐρημίᾳ
2559 1011 2931 1084 διατρίϐοντες
2963 1015 3072 1069 ἀπὸ
3091 1016 3200 1071 τῶν
3228 1019 3483 1075 τοιούτων
3513 1039 3719 1096 γραμ-

2124 1111 2312 1181 μάτων
2343 1116 2758 1187 καρπωσόμεθα
2788 1118 2887 1190 τὴν
2922 1122 3290 1195 παράκλησιν.

2367 1268 2518 1343 [719]
2560 1271 2718 1327 SIE'.
2751 1276 3021 1345 Πελαγιῳ
3051 1280 3451 1349 πρεσϐυτέρῳ.

2188 1417 2325 1478 Οἶδά
2362 1442 2457 1478 σου
2481 1425 2543 1480 τὸ
2576 1428 2752 1501 πρᾶον
2772 1470 2788 1495 ,
2841 1430 2902 1485 τὸ
2934 1432 3197 1497 ἐπιεικὲς,
3231 1432 3294 1487 τὸ
3322 1436 3560 1506 χρηστὸν
3580 1478 3597 1499 ,
3638 1435 3721 1490 rb

2118 1526 2314 1595 γλυκὺ,
2335 1529 2398 1584 τὸ
2425 1531 2627 1604 θερμὸν
2649 1537 2750 1607 τῆς
2779 1536 3023 1609 ἀγάπης,
3051 1538 3115 1592 τὸ
3149 1541 3371 1612 γνήσιον
3394 1543 3490 1614 τῆς
3515 1543 3723 1598 διαθέ-

2121 1650 2260 1698 σεως
2283 1636 2383 1705 τῆς
2414 1638 2542 1709 περὶ
2583 1640 2752 1709 ἡμᾶς.
2784 1641 2876 1694 Διὸ
2910 1643 3008 1696 καὶ
3043 1647 3436 1717 προσαγορεύω
3470 1665 3566 1701 σου
3595 1648 3715 1720 τὴν

2117 1739 2407 1811 τιμιότητα
2451 1741 2590 1812 μετά
2634 1743 2840 1814 πολλῆς
2886 1746 2987 1817 τῆς
3016 1749 3362 1820 προθυμίας,
3393 1753 3487 1806 καὶ
3532 1753 3711 1823 δῆλον

2118 1845 2279 1909 ποιῶ,
2307 1847 2390 1901 ὅτι
2412 1847 2654 1921 ὅπουπερ
2683 1849 2750 1904 ἂν
2772 1844 2887 1915 ὧι),
2912 1853 3004 1907 ἐπὶ
3034 1854 3272 1922 διανοίας
3296 1875 3355 1911 σε
3388 1861 3703 1931 περιφέρει).

2116 1952 2435 2024 Παρακαλῶ
2460 1954 2662 2021 τοίνυν,
2690 1957 2777 2012 ἵνα
2806 1959 2901 2015 καὶ
2935 1960 3131 2034 ἐτέραν
3156 1962 3442 2034 δεχώμεθα
3464 1965 3565 2037 τὴν
3600 1966 3707 2019 εὐ-

2119 2057 2415 2130 φροσύνην,
2451 2059 2526 2131 μὴ
2559 2061 2724 2133 μόνον
2752 2063 2860 2117 ἀπὸ
2887 2064 2981 2119 τοῦ
3016 2067 3272 2139 γράφειν,
3299 2068 3436 2123 ἀλλά
3467 2070 3563 2125 καὶ
3590 2072 3715 2127 ἀπὸ

2116 2162 2209 2218 τοῦ
2250 2165 2549 2236 μανθάνειν
2576 2166 2646 2221 τὰ
2687 2170 2817 2239 περὶ
2853 2170 2954 2241 τῆς
3003 2171 3194 2241 ὑγείας
3225 2174 3329 2245 τῆς
3368 2176 3485 2245 σῆς,
3530 2177 3707 2248 δήλου

2119 2273 2251 2341 ήμῖν
2279 2271 2453 2328 ταῦτα
2487 2273 2748 2345 συνεχῶς.
2773 2275 2894 2330 Κάν
2921 2276 3030 2349 γὰρ
3057 2280 3137 2345 είς
3154 2279 3543 2353 χαλεπωτέραν
3566 2281 3711 2337 ταύ-

2117 2368 2218 2448 της
2254 2379 2494 2451 ἐρημίαν
2527 2381 2943 2456 ἀπενεχθῶμεν,
2992 2386 3272 2458 δεχόμενοι
3305 2390 3529 2443 τοιαῦτα
3564 2394 3707 2465 παρ’

2119 2485 2274 2556 ὑμῶν
2300 2486 2408 2540 τῶν
2438 2486 2779 2556 ἀγαπώντων
2807 2492 2958 2562 ἡμᾶς
2990 2493 3314 2566 γράμματα,
3341 2495 3538 2569 πολλῆς
3563 2500 3710 2555 ἁπο-

2117 2590 2434 2665 λαυσόμεθα
2456 2594 2556 2666 τῆς
2588 2580 2961 2670 εὐφροσύνης.

2624 2754 2797 2825 ΣΙΕΓ.
2836 2759 3187 2825 Μουσωνίῳ.

2188 2907 2299 2962 Καὶ
2338 2907 2439 2979 ήδη
2475 2909 2897 2981 ἐπεστάλκαμέν
2933 2928 3028 2966 σου
3062 2915 3128 2984 τῇ
3158 2912 3432 2984 εὐγενείᾳ,
3461 2912 3706 2969 δέσποτά

2121 3023 2222 3077 μου
2262 3007 2562 3079 τιμιώτατε
2600 3011 2696 3065 καὶ
2741 3012 3107 3067 εὐλαϐέστατε
3128 3053 3145 3079 ,
3189 3016 3286 3071 καὶ
3315 3016 3411 3071 νῦν
3447 3018 3508 3071 τὸ
3564 3017 3701 3073 αὐτδ

2116 3111 2279 3167 πάλιν
2312 3112 2596 3185 ποιοῦμεν,
2624 3116 2803 3170 καίτοι
2833 3117 2968 3190 μηδὲ
3000 3118 3148 3186 ἅπαξ
3177 3119 3273 3175 σοῦ
3304 3123 3703 3190 ἐπεσταλκότος

2117 3217 2270 3288 ἡμῖν.
2301 3218 2442 3272 Ἀλλ’
2467 3218 2618 3290 ὅμως
2650 3222 2817 3292 ἡμεῖς
2838 3223 2899 3276 οὐ
2928 3224 3278 3298 διαλείψομεν
3306 3229 3546 3300 συνεχῶς
3572 3231 3700 3303 ὑμῖν

2116 3321 2549 3389 ἐπιστέλλοντες,
2574 3324 2668 3380 καὶ
2691 3324 2752 3380 τδ
2777 3327 2908 3400 ἡμῖν
2937 3327 3121 3394 αὐτοῖς
3152 3329 3362 3402 πρέπον
3394 3332 3697 3404 ποιοῦντες.

2129 3425 2494 3499 Ἐϐουλόμεθα
2514 3428 2624 3501 7&9
2645 3430 2740 3486 καὶ
2762 3428 3096 3506 πυκνότερον
3112 3435 3269 3488 τοῦτο
3291 3440 3466 3491 ποιεῖν
3484 3456 3498 3468 ·
3512 3438 3699 3512 ἐπειδὴ

2114 3532 2171 3587 δὲ
2195 3533 2290 3588 καὶ
2330 3535 2388 3587 ἐν
2419 3535 2627 3609 ἐρημίᾳ
2670 3537 2837 3610 πολλῇ
2866 3539 3070 3610 χωρίου
3119 3540 3491 3613 διατρίϐομεν,
3543 3545 3639 3598 καί⁵
3668 3547 3699 3598 ὁ

2114 3636 2225 3692 τῶν
2252 3637 2468 3710 λῃστῶν
2509 3639 2677 3709 φόϐος
2718 3642 3003 3715 πολιορκεῖ
3033 3644 3135 3715 τὴν
3188 3645 3368 3711 πόλιν,
3403 3648 3499 3701 καὶ
3536 3650 3572 3720 ή
3601 3648 3694 3703 τοῦ

2114 3737 2387 3810 χειμῶνος
2409 3740 2531 3812 ὥρα
2561 3743 2899 3815 ἀποτειχίζει
2922 3744 3023 3810 τὰς
3048 3746 3225 3815 ὁδοὺς,
3245 3748 3541 3805 καὶταῦτα
3564 3751 3701 3805 πάν-

2113 3861 2184 3897 τα
2215 3844 2315 3897 οὐκ
2346 3844 2540 3915 ἀφίησι
2581 3846 2813 3912 πολλοὺς
2847 3850 2980 3920 ἡμῖν
3011 3851 3253 3922 συνεχῶς
3282 3853 3691 3925 ἐπιχωριάζειν,

2114 3948 2278 4021 ήνίκα
2303 3948 2370 4004 ἂν
2398 3949 2517 4022 ἐξῇ.
2538 3952 2633 4006 καὶ
2666 3954 3161 4027 γραμματηφόρων
3193 3957 3560 4029 ἐπιτύχωμεν,
3597 3959 3694 4032 τήν

2114 4051 2475 4125 ὀφειλομένην
2493 4055 2799 4127 πρόσρησιν
2826 4055 3186 4128 ἀποδιδόαμέν
3204 4075 3296 4112 σου
3317 4062 3382 4132 τῇ
3414 4061 3691 4133 εὐλαϐείᾳ.

2119 4159 2313 4230 Ἵσμεν
2341 4159 2452 4231 γάρ
2484 4156 2580 4213 σοῚ)
2606 4160 2668 4214 τδ
2702 4161 2929 4232 γνήσιον
2953 4162 3057 4234 τῆς
3083 4164 3325 4239 ἀγάπης,
3360 4167 3461 4240 τὴν
3487 4167 3694 4243 θερμήν

2114 4264 2376 4332 διάθεσιν,
2405 4266 2468 4320 τὸ
2495 4266 2903 4340 ἀπερίτρεπτον
2930 4269 3029 4341 τῆς
3065 4269 3313 4343 γνώμης,
3346 4271 3446 4345 τήν
3478 4275 3691 4329 ἐλευθε-

2050 4438 2053 4441 _
2120 4367 2261 4440 ρίαν,
2289 4366 2352 4421 τὸ
2378 4368 2762 4442 ἀνυπόκριτον.
2790 4372 2880 4425 Διὸ
2913 4373 3009 4428 καὶ
3037 4374 3133 4428 ἐπὶ
3171 4377 3392 4447 μνήμης
3427 4395 3488 4431 σε
3522 4379 3696 4451 διηνε-

2114 4471 2228 4535 κῶς
2255 4472 2662 4546 περιφέρομεν,
2712 4476 2962 4549 ὅπουπερ
2998 4477 3066 4532 ἂν
3089 4472 3269 4550 ὦμεν,
3305 4480 3401 4535 καὶ
3441 4481 3694 4536 ἐπιλαθέ-

2115 4574 2240 4631 σθαι
2271 4594 2364 4631 σου
2394 4578 2495 4649 τῆς
2525 4579 2823 4650 ἐμμελείας
2855 4581 2916 4634 οὐ
2940 4581 3237 4655 δυνάμεθα.
3269 4584 3388 4638 Ἵνα
3412 4584 3469 4639 δέ
3506 4586 3582 4658 μὴ
3620 4586 3695 4658 τῷ

2112 4679 2347 4752 γράφειν
2385 4679 2578 4751 μόνον,
2634 4681 2770 4736 ἀλλά
2819 4682 2915 4737 καὶ⁸
2960 4682 3039 4754 τῷ
3069 4683 3322 4754 δέχεσθαι
3354 4684 3692 4756 γράμματα,

2113 4781 2242 4853 περὶ
2277 4784 2375 4854 τῆς
2413 4783 2604 4851 ὑγείας
2628 4784 2733 4855 τῆς
2768 4783 2870 4854 σῆς
2905 4783 3193 4855 δηλοῦντα,
3248 4786 3696 4860 εὐφραινώμεθα,

2113 4883 2301 4957 πέμπε
2330 4888 2572 4958 συνεχῶς
2601 4889 2735 4960 ἡμῖν
2760 4886 3017 4953 τοιαύτας
3059 4889 3367 4954 ἐπιστολάς.
3396 4889 3555 4946 Οὕτω
3591 4894 3699 4967 γὰρ

2112 4989 2207 5042 καὶ
2233 4989 2516 5061 πόρρωθεν
2549 4990 2703 5055 ὄντες
2750 4992 2954 5063 πολλὴν
2988 4993 3402 5064 καρπωσόμεθα
3435 4994 3547 5049 ἀπὸ
3593 4995 3703 5049 τῶν

2112 5091 2371 5147 τοιούτων
2402 5093 2753 5165 γραμμάτων
2797 5096 3175 5167 παραμυθίαν,
3217 5097 3350 5150 ὅταν
3380 5095 3698 5167 ἀκούωμεν,

2113 5196 2194 5250 ὅτι
2245 5198 2406 5269 ὑμεῖς
2441 5199 2492 5251 οἱ
2522 5198 2746 5271 σφοδροὶ
2804 5199 2963 5270 ήμῶν
2988 5201 3220 5273 ἐρασταὶ
3261 5201 3357 5255 καὶ⁵
3399 5200 3597 5274 θερμοὶ
3641 5205 3700 5258 ἐν

2113 5284 2348 5357 εὐθυμία
2368 5287 2464 5339 καὶ⁵
2484 5286 2758 5358 ἀσφαλείᾳ
2784 5286 3022 5355 διάγετε.

2620 5447 2784 5499 ΣΙΖ’.
2821 5446 3185 5511 Βαλεντίνφ.

2184 5594 2319 5653 Οἶδά
2347 5615 2441 5652 σου
2468 5600 2568 5673 τήν
2595 5600 2878 5673 φιλότιμον
2898 5601 3098 5673 ψυχὴν,
3127 5601 3219 5657 τδν
3248 5601 3430 5666 ἔρωτα
3455 5605 3547 5661 τὸν
3576 5604 3695 5674 θερ-

2173 5781 2206 5825 Ib
2229 5781 2311 5835 Sic
2333 5798 2506 5836 omnes
2528 5800 2641 5837 mss.
2668 5788 2796 5838 Edit.
2821 5789 3030 5855 ὅπουπερ
3051 5791 3107 5839 ἄν
3128 5792 3271 5854 ὦμεν.
