3950 6372
217 414 344 485 τεο

217 637 423 707 (Rom.
453 641 506 696 8.
533 643 654 716 18).

259 753 486 811 CCXII.
519 759 797 834 Theophila
823 768 1130 840 presbytero.
1165 773 1414 842 (Cucuso
1443 796 1583 836 anno
1622 785 1788 857 404.)

309 867 668 928 Vehementer
714 876 882 942 dolui,
931 896 1050 948 cum
1097 886 1274 940 audivi
1327 901 1378 944 te
1429 909 1492 946 ac
1539 894 1824 953 Salustitzm

226 959 605 1030 presbyterum
637 965 775 1021 haud
809 967 1117 1041 frequenter
1145 978 1210 1032 ad
1240 982 1518 1039 collectam
1547 989 1824 1055 accedere,

217 1067 404 1123 neque
455 1060 778 1116 mediocrem
833 1065 882 1119 id
915 1069 1045 1123 mihi
1102 1087 1387 1130 maerorem
1433 1079 1646 1136 inussit.
1695 1084 1826 1138 Peto

218 1145 407 1215 igitur,
465 1161 540 1216 ut,
596 1153 639 1205 si
696 1157 908 1223 quidem
962 1161 1014 1214 id
1069 1163 1259 1219 falsum
1310 1167 1398 1232 sit,
1429 1169 1664 1228 indicare
1695 1176 1824 1228 mihi

216 1238 506 1306 studentis,
537 1245 679 1313 quod
707 1246 824 1302 sine
853 1265 1012 1306 causa
1041 1254 1362 1312 calumniam
1392 1263 1534 1329 passi
1557 1265 1708 1330 sitis;
1742 1267 1820 1320 sin

220 1343 435 1400 verum,
476 1336 736 1406 ejusmodi
767 1346 1140 1416 negligentiam
1187 1353 1504 1410 emendetis.
1556 1357 1624 1413 Ut
1680 1361 1822 1414 enim

219 1422 460 1479 maxima
491 1429 643 1484 vobis
686 1449 892 1490 merces
935 1441 1296 1509 constituitur,
1327 1449 1622 1515 praesertim
1673 1453 1716 1506 si
1767 1453 1820 1508 in

218 1511 327 1567 hoc
379 1520 579 1574 szeculo
624 1527 1032 1584 convenientem
1062 1532 1430 1590 fortitudinem
1475 1540 1772 1597 exhibeatis
1803 1578 1818 1605 ,

223 1602 303 1657 ita
333 1621 440 1660 non
486 1612 757 1670 mediocre
803 1620 954 1675 vobis
993 1621 1249 1691 judicium
1282 1628 1545 1697 imminet,
1574 1634 1616 1686 si
1649 1635 1821 1706 negli-

217 1710 411 1766 gentes
437 1704 554 1758 sitis
583 1722 647 1760 ac
686 1713 917 1778 remissi,
953 1731 1126 1785 neque
1171 1735 1392 1776 munere
1424 1736 1604 1780 vestro
1632 1728 1820 1799 funga-

218 1790 376 1845 mini.
430 1793 590 1849 Scitis
619 1813 849 1870 namque
887 1804 1013 1873 quid
1052 1823 1238 1876 passus
1286 1812 1374 1867 ille
1435 1815 1591 1870 fuerit
1617 1820 1705 1888 qui
1727 1790 1818 1874 ta-

219 1881 426 1938 lentum
459 1901 620 1942 unum
649 1891 948 1962 defoderat,
994 1899 1083 1967 qui
1137 1899 1204 1955 de
1247 1903 1395 1958 nullo
1447 1907 1553 1960 alio
1595 1911 1819 1968 crimine

220 1986 527 2040 accusatus,
556 1980 626 2034 ob
657 1982 756 2037 hoc
779 1987 948 2041 solum
978 1991 1192 2058 punitus
1231 2007 1334 2061 est,
1385 2007 1441 2052 et
1489 2000 1817 2060 inevitabiles

221 2079 413 2134 pcenas
435 2068 601 2123 dedit.
633 2072 766 2130 Date
793 2077 954 2147 igitur
995 2096 1235 2150 operam,
1265 2095 1321 2139 ut
1351 2104 1437 2142 me
1465 2107 1622 2159 quam
1650 2096 1820 2150 celer-

215 2157 360 2213 rime
386 2174 512 2214 cura
552 2163 809 2221 liberetis.
845 2168 909 2224 Ut
935 2172 1076 2226 enim
1104 2189 1365 2231 summam
1397 2184 1813 2240 consolationem

213 2249 350 2303 mihi
379 2252 582 2320 pra-bet
610 2271 673 2310 ac
702 2259 965 2326 solatium,
997 2279 1119 2318 cum
1148 2269 1310 2322 audio
1352 2286 1447 2326 vos
1493 2289 1615 2328 cum
1669 2277 1814 2331 omni

211 2335 508 2400 alacritate"
545 2349 798 2416 populum
850 2354 1154 2410 universum
1188 2369 1514 2430 iempestate
1557 2365 1812 2435 jactatum

212 2431 484 2490 instruere
503 2472 522 2501 ,
559 2439 636 2492 sic
658 2455 780 2496 cum
802 2444 1038 2500 adfertur
1070 2448 1136 2502 ad
1192 2467 1278 2506 me
1306 2455 1566 2522 quosdam
1617 2473 1813 2529 segnes

214 2540 375 2592 esse,
407 2544 513 2583 non
543 2533 868 2590 mediocrem
902 2539 1029 2593 mihi
1060 2545 1312 2611 segnities
1332 2547 1543 2603 illorum
1572 2551 1811 2608 dolorem

208 2615 400 2671 inurit.
428 2619 571 2676 Sane
596 2624 811 2693 quidem
842 2631 1261 2697 pulcherrimum
1294 2636 1439 2692 illum
1469 2655 1684 2711 gregem
1716 2643 1811 2698 Dei

207 2709 380 2778 gratia
411 2715 647 2780 quotidie
691 2721 992 2787 conlirmat,
1029 2735 1087 2778 ut
1111 2742 1206 2781 vos
1227 2745 1436 2800 quoque
1465 2709 1638 2803 reipsa
1663 2750 1810 2790 com-

207 2801 426 2868 peristis
454 2821 468 2856 :
499 2807 588 2875 qui
618 2823 744 2863 vero
782 2827 892 2880 pra:
940 2815 1101 2870 nimia
1130 2820 1470 2889 negligentia,
1519 2801 1638 2894 quae
1681 2841 1807 2880 sua-

207 2905 333 2946 rum
379 2904 504 2948 sunt
551 2899 801 2968 partium,
855 2915 1112 2972 praestare
1155 2909 1424 2978 desinunt,
1465 2929 1572 2968 non
1599 2917 1807 2972 medio-

205 2995 301 3036 cre
326 2997 424 3052 per
452 2985 696 3044 inertiam
720 2992 982 3060 ejusmodi
1011 2999 1110 3052 sibi
1131 3000 1391 3070 judicintn
1419 3018 1726 3063 accersunt.

203 3092 466 3152 CCXIII.
535 3098 776 3174 Philippo
824 3107 1130 3179 presbytero.
1182 3112 1433 3184 (Cucuso
1463 3133 1604 3174 anno
1636 3121 1804 3194 404.)

289 3205 512 3265 Miratus
539 3227 678 3279 sum,
710 3216 796 3284 qui
823 3217 1019 3274 factum
1050 3225 1138 3289 sit,
1164 3233 1222 3279 ut
1248 3235 1350 3280 tam
1382 3231 1634 3288 diuturno
1666 3244 1801 3290 tent-

201 3312 337 3366 pore
362 3299 489 3354 nihil
511 3302 578 3356 ad
606 3320 706 3360 nos
731 3309 1046 3378 scripseris;
1093 3324 1252 3386 atque
1281 3321 1432 3376 nobis
1456 3324 1669 3392 quidem
1718 3327 1802 3383 vel

197 3391 519 3447 absentibus
559 3411 666 3452 non
719 3403 1041 3459 mediocrem
1084 3423 1320 3465 amorem
1350 3414 1675 3483 exhibueris,
1707 3419 1802 3474 sed

197 3498 302 3538 nos
353 3485 624 3544 literarum
685 3501 892 3548 tuarum
963 3502 1250 3571 participes
1318 3506 1536 3562 minime
1587 3509 1797 3566 feceris.

194 3574 356 3630 Nunc
386 3579 573 3634 saltem
605 3581 672 3636 ad
699 3600 799 3640 nos
829 3588 1064 3645 scribere
1094 3607 1162 3647 ne
1192 3595 1480 3665 pigriteris,
1526 3615 1588 3654 ac
1615 3601 1682 3656 de
1711 3612 1799 3657 tua

193 3667 513 3726 valetudine
540 3671 721 3730 facere
747 3679 1003 3734 certiores
1035 3699 1048 3736 :
1077 3698 1202 3738 nam
1247 3685 1368 3741 licet
1409 3706 1516 3743 non
1562 3693 1795 3764 scribas,

194 3757 269 3813 de
295 3760 456 3815 rebus
504 3765 606 3818 tuis
665 3768 1022 3838 sciscitamur,
1053 3784 1106 3828 ct
1146 3791 1243 3830 vos
1272 3777 1556 3836 didicimus
1584 3798 1614 3836 a
1640 3784 1798 3838 scho-

195 3849 246 3902 la
284 3849 362 3922 (α)
399 3853 586 3921 pulsos
613 3855 799 3925 fuisse,
854 3877 976 3917 cum
1025 3880 1143 3920 eam
1172 3867 1424 3938 loquendi
1476 3873 1794 3945 libertatem,

192 3955 365 4009 quam
391 3960 488 4012 par
515 3959 650 4014 erat,
694 3951 1094 4011 exhibuissetis.
1122 3958 1235 4014 lloc
1264 3962 1414 4017 vobis
1443 3981 1672 4034 merces,
1696 3967 1799 4024 hoc

191 4030 432 4087 cmlestis
459 4045 541 4090 est
583 4042 908 4109 negotiatio,
961 4044 1061 4100 hoc
1091 4048 1404 4108 immortalis
1429 4070 1648 4126 corona,
1695 4058 1798 4115 hoc

197 4127 487 4195 congeries
518 4134 881 4198 prazmiorum.
926 4137 1050 4194 llam
1080 4141 1236 4211 igitur
1287 4147 1466 4203 omnia
1518 4149 1794 4206 vobiscum

192 4222 536 4284 reputantes,
560 4222 814 4294 quidquid
836 4228 1108 4293 acciderit,
1137 4249 1395 4302 generose
1437 4240 1588 4295 ferte.
1616 4242 1797 4298 Potest

189 4305 342 4360 enim
370 4308 508 4364 Deus
544 4317 864 4373 tentationes
915 4319 1041 4375 istas
1069 4322 1355 4396 depellere,
1387 4346 1450 4385 ac
1493 4335 1793 4404 tranquilli-

191 4407 360 4452 tatem
410 4405 801 4473 quamprimum
874 4411 1166 4482 reducere,
1217 4419 1470 4490 vobisque
1523 4426 1791 4493 copiosam

189 4490 356 4544 istius
379 4493 647 4562 patientia:
677 4503 977 4557 mercedem
1013 4506 1062 4558 in
1095 4506 1194 4562 hac
1220 4510 1324 4564 vita
1379 4523 1433 4566 et
1488 4515 1538 4569 in
1593 4519 1792 4572 saeculo

184 4579 377 4634 futuro
404 4583 606 4655 largiri.

304 4693 550 4751 CCXIV.
606 4700 908 4759 Sebastiano
961 4709 1270 4780 presbytero.
1325 4717 1568 4787 (Scripta
1615 4721 1682 4774 ab

675 4811 816 4848 anno
837 4797 972 4885 μοι
1009 4802 1074 4855 ad
1114 4805 1277 4875 407.)

263 4896 379 4952 Etsi
408 4914 638 4970 corpore
661 4919 690 4957 a
724 4917 808 4959 tua
840 4915 1138 4969 reverentia
1177 4920 1364 4973 remoti
1389 4937 1590 4988 sumus,
1645 4929 1784 4980 cari-

254 5031 328 5114 l(a)
364 5039 504 5084 Erant
536 5042 943 5114 Constantinopoli
981 5049 1177 5110 Scholte,
1217 5066 1306 5102 seu
1330 5055 1556 5108 cohortes
1579 5061 1782 5114 militum

251 5095 508 5144 latinorum
529 5099 593 5184 ad.
606 5095 869 5184 custodiam
888 5095 1196 5184 impera—toris

193 5160 424 5227 'requeps
445 5163 629 5243 tneLntio
664 5164 790 5225 apud
805 5160 1068 5228 scriptores
1111 5160 1780 5243 maxime

193 5219 334 5243 ‘I:nm
360 5232 402 5243 ιιι
431 5223 508 5243 ὀι-ζ
548 5235 602 5243 ...-
627 5227 842 5243 __.._._AL_.
871 5237 879 5243 .
934 5242 940 5243 κ
969 5238 988 5243 ,μ
1028 5234 1034 5243 ι
1092 5233 1102 5243 ι
1193 5237 1202 5243 .
1260 5239 1270 5243 -

173 5219 334 5300 etiam
359 5218 406 5266 itt
427 5223 606 5292 quibus
627 5218 945 5300 versabantur
967 5218 1779 5300 sanqiié"iiiijh§nibb?"s'éiﬁiai§$

172 5285 237 5329 et
261 5279 365 5332 ipsa
381 5279 575 5332 nomine
598 5289 892 5348 gaudebant.
911 5279 1052 5343 Erant
1065 5279 1776 5373 itEm'SE‘iiZIE'éiimEiiiifiigi

172 5352 296 5373 ιιιιρη
322 5354 542 5373 “nmmno
568 5359 824 5373 Λ,ιη,,η.....ιι
882 5358 926 5373 1-
968 5357 1066 5373 ι---Ι
1085 5371 1095 5373 κ
1121 5361 1164 5373 ν“λ
1220 5358 1232 5373 ¹
1271 5363 1297 5373 ’⁸
1467 5366 1477 5373 ⁸

170 5352 297 5402 qua:
320 5354 543 5406 persaepe
567 5359 843 5422 occurrunt.
879 5358 930 5402 In
954 5357 1178 5422 _l-:cclesia_
1219 5358 1364 5413 latina
1409 5352 1775 5422 Scholaiita‘ntvo':

171 5415 664 5486 I'Ulln.ll]fm0rti'l‘l‘ltlt‘,
709 5411 914 5476 aliaeque
940 5417 1068 5486 item
1113 5411 1776 5486 scholzefr‘ronwto—woucgt‘is

171 5462 786 5553 pittatmbtltncmpbilippum

171 5534 940 5616 psmtgrumznquines‘ﬂla
949 5534 1120 5616 pulsus
1155 5534 1304 5616 tuisse
1323 5534 1640 5616 dicitur-inﬂa
1651 5534 1771 5616 'i'Si

916 5589 1770 5680 ciliaéiiimhiﬁiiu‘éﬁiéai-53133631

172 5647 265 5734 vet
274 5648 353 5734 ἐξ
376 5650 552 5734 ξε-ιιοιει⁸
580 5647 1181 5734 ερειᾳείεξιιωςᾴῐιξᾘιὲᾟ
1201 5647 1772 5734 [ιῖίὲεἴέ’”ἷίιιέίέἱὸἶῖῗιῗὲ

173 5716 354 5803 aulam
374 5712 556 5803 signari
580 5717 772 5803 videtur
795 5712 1362 5796 ιιοειΐιιὶξδὲξῖεἱιόιῖη-Ῐᾶι

177 5783 248 5803 ..ν
308 5785 365 5803 ιν.
387 5786 417 5803 ι.
453 5788 540 5803 ......
561 5792 624 5803 ....
649 5791 726 5803 η...
776 5787 862 5803 ιη-
886 5798 931 5803 -_
975 5800 1017 5803 __
1037 5801 1074 5803 _,
1115 5798 1126 5803 _

177 5783 251 5862 ei;
273 5771 366 5862 hos
387 5771 540 5862 edicto
559 5777 744 5862 p'ulsos.
763 5787 871 5862 lites.
886 5771 1769 5862 iniiiééelEEO—n

174 5831 316 5880 dium
335 5833 411 5928 de:
424 5837 524 5928 vita
550 5831 1766 5928 Eh‘ry'sostomifc.

185 5908 243 5950 et
265 5900 526 5963 presbyter
549 5900 850 5962 Scholarum.

513 6025 789 6088 ΡΔΤιιοι.
835 6032 951 6093 Gtt.
1004 6036 1130 6096 Lll.

1719 467 2094 534 EPISTOLE.

221 549 370 612 poris
418 551 486 602 mi
542 555 767 622 futuram
819 560 1058 631 gloriam,
1111 582 1224 630 quia
1271 572 1567 629 revelabitur
1595 579 1645 632 iit
1687 582 1830 637 nobis

3427 518 3532 572 7'50

1940 600 2049 649 tate
2081 603 2256 654 tamen
2288 611 2464 660 tecum
2489 608 2719 666 devincti
2747 630 2951 678 sumus.
2982 629 3033 673 et
3064 620 3383 696 ubicumque
3415 628 3526 684 fue-

1938 686 2124 754 ritnus,
2153 693 2444 752 amicitiam
2474 707 2615 755 tuam
2646 708 2902 762 memoria
2931 711 3377 781 circumfer-imus,
3407 717 3524 772 licet

1937 778 2001 832 ad
2033 779 2175 849 ipsos
2203 786 2348 842 orbis
2377 797 2636 848 terrarum
2667 796 2800 854 fines
2851 801 3068 872 relegati
3113 806 3301 862 simus.
3351 811 3421 863 At
3471 821 3528 864 ιιι

1935 886 2148 943 quoque
2175 891 2488 949 perpetuam
2516 890 2685 944 nostri
2717 895 3030 951 memoriam
3059 899 3184 968 quin
3213 915 3523 962 conserves.

1935 965 2077 1018 nulla
2120 970 2328 1026 ratione
2357 975 2591 1033 arbitror
2619 995 2741 1036 esse
2771 965 3142 1044 dubitandum.
3173 990 3306 1046 Novi
3333 994 3528 1064 quippe

1933 1057 2295 1120 sinceritatem
2317 1072 2516 1126 amoris
2543 1075 2639 1141 tui,
2667 1077 2909 1134 caritatis
2935 1081 3261 1152 ﬁrmitatem,
3284 1095 3338 1141 et
3363 1089 3525 1142 animi

1934 1151 2008 1205 tui
2034 1161 2412 1216 constantiam.
2442 1166 2702 1232 Quocirca
2731 1181 2782 1227 te
2809 1188 3023 1231 oramus
3050 1189 3106 1232 ut
3129 1178 3433 1251 frequenter
3459 1184 3523 1236 ad

1932 1257 2030 1297 nos
2062 1249 2284 1317 scribas,
2317 1269 2381 1308 ac
2420 1258 2488 1312 de
2527 1267 2614 1315 tua
2645 1276 2901 1333 prospera
2929 1268 3234 1326 valetudine
3272 1274 3524 1328 certiores

1931 1352 2028 1391 nos
2056 1337 2238 1398 facias.
2263 1344 2395 1401 Nam
2426 1349 2493 1405 de
2513 1353 2630 1422 ejus
2657 1363 2799 1411 statu
2851 1361 3078 1417 subinde
3117 1368 3323 1421 moneri
3372 1381 3524 1422 sum-

1930 1443 2148 1499 mopere
2197 1435 2596 1510 desideramus;
2621 1455 2673 1500 et
2704 1461 2808 1501 non
2832 1451 3156 1509 mediocrem
3187 1457 3513 1512 consolatio-

1930 1537 2051 1576 nem
2080 1565 2094 1588 ,
2129 1526 2255 1582 dum
2287 1530 2339 1583 in
2377 1532 2476 1587 hac
2500 1537 2789 1596 solitudine
2816 1541 3060 1614 degimus
3082 1589 3096 1613 ,
3129 1564 3194 1602 ex
3263 1549 3522 1618 ejusmodi

1927 1611 2202 1672 literarum
2230 1621 2459 1680 lectione
2493 1629 2788 1698 capiemus.

1925 1747 2132 1804 CCXV.
2169 1751 2381 1828 Pelagio
2439 1764 2747 1833 presbytero.
2805 1767 3048 1840 (Scripta
3101 1773 3168 1826 ab
3215 1789 3356 1829 anno
3411 1777 3516 1830 40$

2600 1859 2664 1912 ad
2699 1860 2858 1934 407.)

1994 1977 2454 2040 Mansuetudinem
2511 1997 2694 2058 tuam,
2762 1997 3112 2065 modestiam,
3167 2002 3516 2070 probitatem,

1923 2071 2160 2128 caritatis
2229 2078 2475 2135 ardorem
2505 2123 2520 2149 ,
2577 2088 2778 2142 amoris
2833 2105 2958 2159 erga
3007 2108 3106 2146 nos
3155 2095 3516 2151 sinceritatem

1923 2165 2253 2233 exploratam
2283 2171 2473 2228 habeo.
2507 2176 2708 2233 Idcirco
2737 2183 2904 2236 multo
2953 2199 3073 2239 cum
3125 2185 3320 2242 all‘ectu
3359 2203 3518 2243 reve-

1923 2257 2148 2312 rentiam
2179 2269 2322 2316 tuam
2349 2265 2543 2332 saluto,
2573 2283 2636 2324 ac
2661 2271 2900 2341 signiﬁco
2929 2284 2979 2328 te
2999 2292 3030 2328 a
3063 2293 3167 2342 uie,
3199 2279 3516 2350 ubicumque

1919 2354 2155 2421 gentium
2187 2357 2356 2426 fuero,
2389 2363 2566 2417 animo
2592 2365 2946 2422 circumferri.
2970 2369 3079 2424 Fac
3109 2371 3287 2442 igitur,
3307 2388 3512 2442 quaeso,

1921 2457 1980 2499 ut
2001 2445 2226 2502 alteram
2276 2453 2632 2522 percipiantus
2659 2457 3008 2528 voluptatem,
3033 2476 3138 2515 non
3164 2463 3333 2517 solum
3359 2479 3422 2518 ex
3451 2479 3516 2519 eo

1919 2543 2060 2610 quod
2090 2543 2259 2600 literae
2287 2549 2586 2618 mittantur,
2618 2554 2713 2608 sed
2743 2558 2904 2611 etiam
2933 2572 2997 2612 ex
3023 2574 3088 2613 eo
3114 2560 3256 2630 quod
3299 2560 3368 2616 de
3425 2569 3510 2616 tua

1919 2633 2226 2691 valetudine
2263 2638 2522 2698 certiores
2565 2644 2753 2700 liamus
2786 2665 2800 2702 :
2828 2647 2945 2704 haec
2996 2651 3150 2706 nobis
3208 2651 3510 2724 frequenter

1916 2721 2176 2791 significa.
2207 2727 2356 2784 Licet
2375 2735 2516 2786 enim
2541 2735 2594 2788 in
2622 2736 2973 2806 asperrimam
3003 2741 3140 2796 hanc
3169 2745 3508 2801 solitudinem

1916 2817 2136 2886 relegati
2159 2821 2346 2890 simus,
2371 2841 2490 2880 cum
2521 2828 2588 2882 ab
2610 2830 2796 2884 amicis
2819 2834 3018 2888 nostris
3045 2835 3308 2904 ejusmodi
3329 2838 3507 2893 literas

1914 2912 2298 2980 acceperimus,
2333 2918 2498 2974 multa
2529 2919 2710 2975 Inetitia
2749 2924 3151 2992 perfundemur.

2112 3070 2245 3126 CCX
2259 3072 2356 3128 VI.
2385 3073 2643 3130 Musonio.
2673 3077 2921 3149 (Cucuso
2960 3096 3100 3136 anno
3125 3083 3250 3139 404.
3278 3084 3294 3153 )

1985 3223 2052 3278 Et
2071 3223 2181 3294 jam
2209 3225 2522 3298 scripsimus
2543 3229 2608 3284 ad
2637 3234 3051 3301 generositatem
3079 3244 3245 3304 tuam,
3291 3237 3501 3294 domine

1909 3315 1982 3369 mi
2007 3314 2422 3373 honoratissime
2451 3335 2514 3374 ac
2539 3321 2964 3392 religiosissime,
2999 3334 3053 3380 et
3089 3343 3230 3383 nunc
3275 3329 3500 3400 idipsmn

1909 3421 2096 3462 rursus
2125 3409 2352 3478 agimus,
2384 3413 2595 3467 tametsi
2644 3423 2700 3468 tu
2732 3431 2800 3470 ne
2853 3418 3017 3472 semel
3063 3421 3277 3489 quidem
3326 3421 3499 3477 literas

1907 3499 1973 3552 ad
2005 3515 2102 3555 nos
2132 3501 2365 3556 dederis.
2396 3503 2505 3558 Nos
2545 3512 2722 3560 tamen
2745 3508 2963 3563 crebras
2988 3510 3054 3564 ad
3087 3521 3138 3565 te
3168 3512 3348 3568 literas
3375 3513 3504 3568 dare

1907 3606 2012 3644 non
2040 3593 2390 3659 cessabimus,
2419 3603 2473 3648 ct
2493 3596 2634 3664 quod
2663 3606 2919 3665 praestare
2946 3615 3042 3654 nos
3067 3600 3241 3664 decet,
3274 3613 3495 3673 prmsta-

1906 3681 2101 3736 bimus.
2133 3681 2466 3752 Cuperemus
2495 3687 2639 3740 enim
2668 3689 2864 3758 saepius
2892 3689 2943 3744 id
2977 3705 3133 3760 agere
3181 3709 3192 3746 :
3241 3692 3334 3747 sed
3366 3709 3494 3773 quo-

1905 3777 2046 3830 niam
2063 3777 2245 3831 inloco
2261 3777 2544 3833 admodum
2558 3779 2769 3836 deserto
2787 3798 3081 3848 versamur,
3102 3797 3151 3839 et
3169 3793 3310 3840 metu
3335 3786 3490 3840 latro-

1905 3883 2032 3922 num
2054 3868 2240 3922 civitas
2266 3870 2694 3938 eircumsidetur,
2713 3889 2776 3928 ac
2797 3876 3051 3945 temporis
3066 3876 3275 3932 hiberni
3295 3886 3490 3946 asperi-

1906 3967 1987 4013 tas
2009 3959 2196 4014 itinera
2227 3961 2566 4029 intercludit;
2611 3981 2783 4034 neque
2816 3967 3128 4035 permittunt
3154 3969 3268 4023 haec
3296 3970 3492 4033 omnia,

1905 4057 1963 4102 tit
1995 4049 2147 4103 mttlti
2181 4050 2249 4103 ad
2289 4066 2388 4107 nos
2410 4053 2714 4122 frequenter
2745 4057 3035 4112 accedant:
3059 4061 3490 4130 quotiescumque

1905 4143 2050 4209 licet,
2070 4153 2122 4200 et
2149 4145 2454 4202 tabellarios
2476 4150 2709 4204 nancisci
2735 4166 3038 4221 possumus,
3064 4153 3248 4223 pietati
3278 4164 3382 4209 tua:
3403 4154 3489 4210 de-

1903 4232 2068 4288 bitam
2085 4235 2456 4292 salutationem
2479 4241 2851 4308 persolvimus.
2871 4241 3002 4296 Nota
3022 4243 3216 4314 quippe
3240 4244 3392 4299 nobis
3412 4257 3488 4299 est

1902 4339 1966 4380 ac
1996 4338 2276 4396 perspecta
2319 4339 2422 4384 tua:
2462 4333 2702 4388 caritatis
2743 4333 3043 4402 sinceritas,
3071 4336 3269 4391 amoris
3307 4337 3487 4398 ardor.

1901 4417 2064 4470 animi
2093 4422 2390 4474 constantia
2414 4462 2430 4486 ,
2469 4430 2524 4476 et
2559 4423 2859 4493 ingenuitas
2888 4425 2955 4480 ab
2979 4427 3126 4481 omni
3154 4427 3485 4482 simulatione

1900 4508 2092 4563 aliena.
2117 4511 2234 4577 Quo
2259 4511 2336 4580 ﬁt,
2359 4523 2413 4566 ut
2435 4520 2692 4570 memoria
2717 4527 2766 4571 te
2787 4533 3002 4590 semper
3021 4519 3483 4587 circumferamus,

1901 4599 2223 4670 ubicumque
2258 4618 2535 4659 versemur
2557 4645 2573 4673 ,
2603 4621 2775 4677 neque
2817 4618 2921 4663 tuae
2948 4611 3224 4665 suavitatis
3249 4613 3482 4668 oblivisci

1897 4692 2182 4762 possimus.
2217 4693 2414 4748 Verum
2451 4704 2508 4750 ut
2547 4711 2652 4750 non
2681 4698 2852 4754 solum
2892 4699 3018 4754 dum
3047 4702 3365 4769 scribimus,
3393 4707 3481 4760 sed

1895 4785 2056 4838 etiam
2095 4784 2221 4839 dum
2262 4787 2445 4841 literas
2478 4789 2768 4859 accipimus
2789 4832 2804 4858 ,
2839 4793 3032 4862 quibus
3069 4794 3136 4849 de
3170 4803 3256 4850 tua
3293 4797 3488 4852 fiamus

1893 4875 2198 4930 valetudine
2217 4878 2491 4945 certiores,
2511 4881 2773 4948 laetemur,
2792 4884 3010 4939 crebras
3029 4886 3095 4939 ad
3110 4901 3208 4941 nos
3220 4888 3487 4957 ejusmodi

1893 4965 2144 5033 epistolas
2172 4970 2341 5025 mitte.
2375 4972 2463 5027 Sic
2491 4974 2653 5040 enim,
2683 4977 2923 5044 quamvis
2953 4977 3072 5033 loco
3098 4978 3252 5034 valde
3279 4981 3472 5040 dissiti.

1892 5059 2109 5112 multam
2137 5064 2556 5120 consolationem
2587 5082 2650 5120 ex
2681 5067 2944 5136 ejusmodi
2971 5069 3138 5125 literis
3163 5071 3484 5139 sentiemus,

1888 5160 2009 5202 cum
2039 5165 2166 5218 vos,
2200 5167 2227 5204 a
2267 5155 2456 5224 quibus
2486 5157 2832 5214 vehementer
2857 5167 2913 5214 et
2939 5161 3191 5219 ardenter
3215 5178 3483 5231 amamur,

1889 5238 2084 5296 hilares
2121 5253 2172 5298 et
2212 5258 2460 5316 expertes
2491 5250 2712 5319 periculi
2743 5251 2928 5307 vivere
2953 5253 3333 5324 intelligemus.

1886 5373 2160 5434 CCXVII.
2201 5380 2467 5437 Valentino
2506 5388 2602 5456 (α).
2640 5387 2868 5459 (Cucuso
2891 5406 3035 5446 anno
3062 5392 3165 5446 404
3209 5394 3291 5446 vel
3323 5388 3473 5456 405-)

1959 5511 2255 5568 Liberalem
2288 5517 2523 5572 animum
2563 5529 2708 5576 tuum
2733 5565 2746 5587 ,
2781 5532 2834 5578 et
2861 5525 3059 5580 amoris
3100 5527 3345 5582 ardorem
3380 5541 3477 5581 cx-

1945 5690 2018 5754 (a)
2052 5698 2160 5765 Haec
2185 5695 2390 5757 epistola
2433 5699 2508 5749 bis
2541 5703 2716 5784 scripta
2759 5708 3287 5784 reperituriin-
3305 5710 3473 5784 imbri-

1878 5751 2017 5830 Εἱέηὸ
2040 5767 2066 5830 ᾗ
2081 5751 2332 5830 βξίαὲβειυθ
2354 5751 2650 5830 numeratur'
2668 5751 3000 5830 séxhgééiiiii'
3017 5778 3207 5830 octava,
3233 5778 3286 5821 et
3301 5772 3471 5824 inscri-

1878 5812 2009 5896 pitur
2035 5812 2307 5896 Sébqstiaito
2325 5812 2636 5896 presbytero,
2659 5812 3207 5896 ééEJEg'J'ZEiogéﬁnE
3219 5812 3470 5896 (ἶᾶἱῆἦῆ-

1877 5873 2048 5946 ret-tur,
2068 5885 2120 5927 et
2141 5873 2416 5932 inscribitur
2435 5873 2873 5940 νᾶιεηιίἑιᾱῖὲἆὲιῑὲ
2900 5873 3468 5946 ἑέίῖίῐᾶῖιύἆέἐόἑιίι

1884 5953 1985 6002 ipsa
1996 5949 2266 6011 scripserit.

3067 6072 3140 6133 22
