3950 6412
241 460 348 522 731

1671 458 2034 522 Εριετοιιιι

3405 444 3513 504 733

248 584 377 653 μὸν,
406 578 466 632 ὃν
487 579 619 650 περὶ
639 576 737 642 τὰς
758 576 866 631 τῶν
893 579 1143 650 πενήτων
1170 575 1313 647 ἔχεις
1338 573 1697 648 προστασίας,
1727 573 1827 643 τὴν
1934 571 2136 642 ὁμοίως
2167 569 2297 642 περὶ
2339 570 2483 641 ἡμᾶς
2511 566 2808 633 διάκεισθε,
2849 565 3041 620 τούτου
3072 563 3233 636 χάριν
3258 564 3513 634 ἐγκαλεῖν

244 686 570 757 ἐπιθυμίαν,
599 685 667 756 ἢν
690 684 778 738 ἀεὶ
808 683 937 755 περὶ
966 684 1064 753 τὴν
1098 683 1272 755 καλὴν
1295 682 1500 754 ταύτην
1526 681 1833 736 ἐπιδείκνυ·

247 808 347 847 σαι
395 790 819 863 πραγματείαν,
866 789 961 843 καὶ
998 789 1285 861 παρέχων,
1336 788 1432 842 καὶ
1490 786 1609 859 μεθ’
1638 785 1832 858 ἡδονῆς

244 896 413 950 τοῦτο
455 895 646 962 ποιῶν,
681 896 776 948 καὶ
818 893 1042 948 διπλοῦν
1076 912 1157 947 σοι
1187 893 1279 948 τὸν
1314 893 1578 963 στέφανον
1608 890 1699 943 τὸν
1733 888 1834 959 τῆς

248 997 667 1071 φιλανθρωπίας
709 997 802 1051 καὶ
859 996 1240 1068 λαμπρότερον
1294 992 1578 1057 καθιστάς,
1628 992 1724 1047 καὶ
1764 994 1832 1062 τῇ

243 1102 525 1175 δαψιλείᾳ,
562 1103 656 1156 καὶ
686 1103 755 1173 τῇ
778 1099 973 1174 γνώμῃ
997 1100 1093 1170 ἀφ’
1119 1095 1188 1174 ἦς
1213 1100 1308 1154 καὶ
1339 1100 1373 1170 ἡ
1406 1096 1660 1167 δαψίλεια
1689 1095 1838 1165 γίνε-

247 1225 369 1263 ται.
408 1208 561 1260 Ἐπεὶ
593 1202 689 1261 οῦν
722 1206 991 1278 ἐδήλωσεν
1017 1207 1147 1277 ήμῖν
1178 1207 1207 1258 ὁ
1234 1202 1565 1275 τιμιώτατος
1592 1198 1835 1271 πρεσϐύ-

248 1333 418 1387 τερος
450 1314 796 1385 Δομετιανὸς,
826 1316 858 1369 ὑ
902 1315 1012 1368 τῶν
1048 1313 1233 1387 χηρῶν
1266 1314 1364 1368 καὶ
1402 1311 1689 1384 παρθένων
1727 1308 1837 1363 τῶν

250 1422 448 1478 αὐτόθι
496 1421 597 1493 τὴν
631 1421 970 1492 προστασίαν
1016 1420 1189 1492 ἔχων,
1244 1421 1327 1474 ὃτι
1370 1416 1556 1491 σχεδὸν
1586 1420 1643 1471 ἐν
1693 1413 1837 1487 λιμῷ

245 1527 684 1599 καθεστήκασιν,
713 1524 901 1596 ῶσπερ
943 1526 1024 1590 είς
1053 1524 1250 1597 λιμένα
1292 1523 1393 1587 τὰς
1421 1520 1524 1586 σὰς
1557 1516 1835 1590 καταφεῦ-

246 1648 429 1703 γομεν
462 1632 671 1702 χεῖρας,
706 1628 860 1703 [720]
898 1627 1040 1683 ὥστε
1066 1628 1218 1682 τουτὶ
1250 1626 1412 1682 λῦσαι
1442 1625 1538 1681 τοῦ
1582 1624 1744 1697 λιμοῦ
1777 1623 1837 1678 τὸ

248 1737 543 1806 ναυάγιον.
572 1736 776 1808 Δέομαι
802 1732 897 1790 οὖν
932 1752 1049 1802 σου,
1073 1736 1170 1789 καὶ
1199 1735 1403 1806 σφόδρα
1421 1734 1632 1805 δέομαι,
1668 1749 1836 1803 μετοι-

249 1843 622 1915 πεμψάμενος
666 1843 758 1897 τὸν
803 1840 1196 1914 πρεσϐύτερον,
1237 1840 1374 1911 ὅπερ
1404 1837 1473 1893 ἂν
1588 1837 1837 1904 δυνατὸν,

245 1949 632 2022 ἐπικουρῆσαι
658 1946 1069 2020 παρακλήθητι.
1102 1945 1216 2017 Τῆς
1249 1946 1361 2018 7&9
1406 1947 1467 1999 ἐν
1489 1943 1634 2015 ἄλλῳ
1659 1943 1838 2015 καιρῷ

225 2052 632 2123 ,ἐλεημοσύνης
655 2052 689 2123 ή
719 2050 815 2105 νῦν
845 2049 1195 2122 παρεχομένη
1233 2047 1416 2119 πολλῷ
1444 2044 1668 2101 πλείονα
1696 2063 1840 2117 παρ-

248 2158 378 2228 ἐχει
421 2157 520 2229 τήν
547 2155 805 2231 ἀμοιϐὴν,
854 2157 1073 2229 ὅσῳπερ
1102 2158 1159 2210 ἐν
1205 2155 1572 2228 χαλεπωτέρῳ
1607 2155 1840 2226 χειμῶνι

248 2263 358 2316 καὶ
409 2259 548 2335 ζάλῃ
595 2246 1005 2332 καθεστήκασιν
1038 2261 1087 2313 οἱ
1128 2259 1373 2331 δεόμενοι
1417 2259 1622 2325 λαϐεῖν,
1646 2261 1706 2314 οὐ
1743 2262 1841 2331 τῆς

248 2363 521 2428 εἰωθυίας
559 2359 927 2427 ἀπολαύοντες
982 2362 1264 2432 ἀφθονίας.
1319 2363 1613 2433 Ἔννοήσας
1660 2363 1841 2417 τοίνυν

248 2472 359 2522 καὶ
391 2468 487 2523 τοῦ
521 2468 846 2541 πράγματος
868 2467 931 2521 τὸ
960 2468 1170 2540 κέρδος,
1198 2470 1290 2523 καὶ
1327 2470 1427 2541 τὴν
1462 2470 1571 2523 ἀπὸ
1598 2468 1693 2523 τοῦ
1724 2488 1842 2524 και-

222 2573 361 2646 -ροῦ
382 2572 683 2644 γενομένην
715 2570 1054 2644 προσθήκην,
1082 2572 1152 2627 τά
1176 2574 1374 2627 σαυτοῦ
1405 2575 1628 2646 ποιῆσαι
1663 2593 1841 2648 παρα-

248 2676 514 2748 κλήθητι.
543 2675 709 2730 Οὐδὲν
738 2674 848 2747 γὰρ
871 2674 953 2729 δεῖ
985 2676 1146 2730 πλέον
1173 2678 1349 2732 εἰπεῖν
1373 2678 1510 2748 πρὸς
1539 2678 1841 2749 φιλάνθρω-

249 2796 368 2833 πον
392 2777 539 2831 οῦτω
587 2777 683 2830 καὶ
715 2777 1078 2849 ήμερωτάτην
1105 2779 1408 2851 γράφοντες
1450 2780 1650 2852 ψυχήν.
1682 2777 1843 2846 Οἶδας

246 2887 394 2958 γὰρ,
428 2887 509 2940 ὅτι
540 2887 635 2941 καὶ
679 2886 985 2958 σπόρτουλα
1013 2888 1145 2959 ἡμῖν
1174 2887 1501 2957 χρεωστεῖςο
1536 2884 1651 2939 ἀλλ’
1694 2887 1842 2958 ὅμως

250 2993 361 3047 καὶ
399 2992 626 3046 ἐκείνων
673 2991 861 3047 ἕνεκεν
902 2994 983 3056 είς
1026 2990 1185 3045 τοῦτό
1210 3008 1292 3045 σοι
1332 2990 1683 3063 διαλυόμεθα.
1730 2992 1840 3045 Καὶ

249 3097 478 3170 γράψαι
529 3097 587 3153 δὲ
626 3099 757 3170 ἡμῖν
797 3096 1215 3171 παρακλὴθητι,
1241 3097 1324 3151 ὅτι
1355 3097 1656 3163 ἐπένευσας
1686 3098 1841 3171 ἡμῶν

250 3205 329 3273 τῇ
363 3202 599 3274 αἰτήσει,
639 3201 735 3257 καὶ
767 3202 837 3256 τά
873 3202 1003 3272 περὶ
1038 3202 1136 3272 τῆς
1167 3201 1382 3269 ὑγιείας
1409 3202 1509 3273 τῆς
1542 3202 1642 3272 σῆς
1675 3202 1838 3271 εὐαγ-

247 3305 633 3378 γελιζόμενος,
664 3308 760 3362 καὶ
790 3307 989 3372 παντὸς
1016 3306 1109 3361 τοῦ
1144 3308 1509 3381 εὐλογημένου
1543 3326 1637 3364 σου
1670 3309 1839 3365 οἴκου.

601 3467 768 3524 ΣΙΙΓ.
808 3471 1087 3541 Εὐθυμίῳ
1113 3470 1516 3540 πρεσϐυτέρῳ.

330 3629 523 3703 Μηδὲν
565 3629 712 3700 ὑμᾶς
756 3629 995 3684 λυπείτω
1041 3630 1103 3684 τὸ
1148 3632 1247 3702 τῆς
1299 3632 1495 3704 σχολῆς
1541 3630 1839 3701 ἐξεῶσθαι,

216 3738 223 3745 ’
247 3734 383 3791 ἀλλ’
415 3733 742 3800 ἐννοοῦντες,
768 3734 893 3789 ὅσον
920 3733 1018 3788 καὶ
1046 3732 1294 3790 ἐντεῦθεν
1324 3736 1578 3801 ἐδέξασθε
1618 3738 1710 3792 τὸν
1754 3757 1845 3810 μι-

247 3837 416 3905 σθὸν,
443 3837 539 3891 καὶ
576 3836 695 3901 πῶς
726 3836 947 3903 αὔξεται
991 3836 1062 3891 τά
1090 3838 1199 3892 τῶν
1233 3839 1512 3909 στεφάνων
1545 3842 1845 3914 ὑμῖν,νχαί-

247 3961 394 4018 per;
426 3944 523 3998 καὶ
561 3942 923 4013 εὐφραίνεσθε
954 3944 1097 4017 ὑπὲρ
1126 3944 1236 3999 τῶν
1266 3945 1607 4018 παθημάτων
1640 3948 1845 4001 τούτων

244 4049 365 4107 καὶ
388 4047 499 4111 τῶν
523 4046 848 4105 ἐπιϐουλῶν.
876 4047 1087 4120 Πολλὴν
1112 4049 1222 4122 7&9
1251 4051 1382 4122 ὑμῖν
1413 4052 1634 4121 συνάγει
1667 4050 1843 4107 ταῦτα

243 4157 367 4228 τὴν
393 4159 452 4213 ἐν
484 4153 735 4225 οὐρανοῖς
762 4154 1056 4227 ἐμπορίαν,
1090 4156 1186 4210 καὶ
1224 4155 1642 4231 λαμπροτέρους
1675 4163 1838 4225 ποιεῖ,

212 4262 365 4321 ’καὶ
408 4259 631 4337 μείζονα
669 4261 961 4334 καθίστησι
1005 4261 1074 4316 τὰ
1117 4262 1363 4335 βραδεῖα.
1409 4265 1577 4338 Στενὴ
1609 4267 1716 4339 7&9
1750 4270 1844 4323 καὶ

241 4364 604 4436 τεθλιμμένη
644 4365 824 4437 ἡὸδὸς
872 4367 906 4436 ἡ
953 4365 1241 4435 ἀπάγουσα
1271 4369 1351 4433 είς
1385 4368 1483 4441 τὴν
1533 4369 1699 4441 ζωήν.
1735 4373 1845 4426 Καὶ

240 4473 399 4543 ἡμῖν
420 4468 478 4523 δέ
502 4469 742 4541 συνεχῶς
768 4470 1106 4525 ἐπιστέλλειν
1135 4471 1205 4526 τὰ
1243 4475 1372 4544 περὶ
1399 4476 1499 4547 τῆς
1526 4476 1711 4547 ὑγείας
1744 4480 1844 4550 τῆς

248 4576 379 4655 σῆς
411 4574 486 4646 μὴ
523 4576 799 4630 κατόκνει.
827 4572 998 4631 Οἶσθα
1018 4575 1128 4649 7&9
1155 4578 1303 4644 ὅπως
1348 4580 1708 4651 συνδεδέμεθά
1749 4600 1842 4637 σου

240 4687 324 4775 τῇ
362 4680 576 4753 ἀγάπη,
610 4682 706 4737 καὶ
740 4680 880 4748 πῶς,
927 4683 1263 4767 ὅπουπριᾶν
1292 4679 1462 4758 ὦμεν,
1492 4687 1583 4741 ἐπὶ
1607 4688 1845 4755 διανοίας

244 4804 316 4843 σι
374 4786 681 4855 περιφέρω,
716 4785 803 4839 ἀεί
858 4802 953 4839 σου
1006 4785 1210 4859 θερμὸς
1246 4789 1535 4861 γενόμενος
1566 4793 1803 4866 ἐραστής
1825 4812 1838 4826 ·

240 4888 359 4947 νῦν
386 4885 444 4937 δὲ
468 4885 648 4956 πολλῷ
677 4886 1029 4960 θερμότερος,
1053 4890 1162 4961 ὅσῳ
1187 4892 1281 4945 καὶ
1317 4892 1696 4967 λαμπρότερος
1736 4898 1844 4951 ἀπὸ

238 4991 381 5047 τῶν
410 4989 752 5061 παθημάτων
776 4990 1028 5060 γέγονας.

584 5184 753 5238 ΣΙΘί.
785 5185 1077 5255 Σευηρίνῃ
1112 5186 1211 5239 καὶ
1242 5186 1542 5257 Ῥωμύλῃο
1622 5208 1633 5221 ε

325 5337 402 5392 Εἰ
440 5336 516 5410 μή
563 5341 768 5414 σφόδρα
795 5341 897 5416 τὴν
951 5346 1180 5419 γνησίαν
1206 5347 1360 5418 ὑμῶν
1401 5324 1626 5421 ἀγάπην
1672 5349 1842 5421 ᾔδειν,

240 5445 363 5501 καὶ
396 5442 494 5515 τήν
539 5447 809 5519 σπουδὴν,
841 5451 910 5522 ήν
936 5451 1023 5505 ἀεὶ
1069 5451 1199 5524 περὶ
1239 5453 1388 5524 ἡμᾶς
1434 5452 1803 5509 ἐπιδείκνυσθε
1824 5495 1842 5522 ,

240 5547 373 5604 κᾶν
406 5546 679 5619 ρᾳθυμίαν
712 5552 915 5626 πολλήν
955 5556 1085 5627 ὑμῖν
1135 5556 1452 5626 ἐνεκάλεσα,
1476 5560 1579 5631 τῆς
1623 5564 1842 5634 μακρᾶς

239 5653 456 5705 ἕνεκεν
480 5653 683 5725 ταύτης
705 5656 867 5727 σιγῆς
885 5658 951 5730 ἦν
981 5659 1295 5732 ἐσιγήσατε,
1326 5661 1419 5715 καὶ
1445 5661 1620 5718 ταῦτα
1652 5665 1844 5721 πολλά-

240 5769 358 5816 κις
409 5752 505 5808 καὶ
548 5757 748 5829 συνεχῆ
789 5759 933 5831 παρ’·
970 5761 1129 5832 ἡμῶν
1186 5762 1473 5835 δεχόμεναι
1512 5765 1839 5840 γράμματα.

255 5855 424 5912 Ἀλλ’
445 5861 630 5934 ἐπειδὴ
651 5858 768 5919 οῖδα
801 5866 884 5921 ὅτι
909 5869 1004 5923 καὶ
1037 5869 1339 5940 σιωπῶσαι,
1377 5872 1471 5929 καὶ
1509 5873 1836 5946 γράφουσαι,

1933 677 2034 729 οὐκ
2058 677 2125 730 ἂν
2161 675 2498 746 ἀνασχοίμην
2528 673 2629 744 τῆς
2664 673 2822 743 σιγῆς
2844 670 3057 735 ἕνεκεν,
3093 670 3142 721 εί
3175 669 3271 722 καὶ
3308 668 3513 762 σφόδρα

1936 777 2188 847 ἐπιθυμῶ
2208 776 2390 832 πυκνά
2420 778 2551 848 παρ’
2574 776 2728 847 ὑμῶν
2755 774 3004 846 δέχεσθαι
3029 773 3357 848 γράμματα,
3385 774 3514 847 περὶ

1935 883 2036 954 τῆς
2071 883 2257 954 ὑγείας
2280 882 2434 954 ὑμῶν
2469 879 2754 953 δηλοῦντα.
2779 880 2915 935 Οὐδὲ
2943 880 3052 952 γὰρ
3074 879 3237 952 ἔχοιτ’
3261 878 3328 934 ἂν
3356 897 3519 934 κατα-

1938 991 2131 1059 φυγεῖν
2167 989 2249 1054 είς
2279 988 2340 1042 τὸ
2371 987 2448 1061 μὴ
2477 986 2718 1059 συνεχῶς
2761 987 3144 1058 ἐπιτυγχάνειν
3178 1002 3517 1059 γραμματηκ

1938 1094 2183 1164 φόρουν
2217 1095 2247 1146 ὁ
2299 1093 2411 1164 7&9
2445 1092 2822 1155 ποθεινότατος
2863 1092 2961 1145 καὶ
2995 1089 3334 1170 γλυκύτατος
3378 1089 3519 1158 ἀγα-

1938 1199 2111 1271 πητὸς
2141 1197 2300 1269 ἡμῶν
2334 1197 2678 1262 Σαλούστιος,
2705 1191 2765 1252 εὖ
2806 1187 2902 1249 οἷδ’
2932 1194 3015 1250 ὅτι
3045 1193 3183 1266 πρὸς
3202 1191 3364 1247 τοῦτο
3389 1192 3519 1263 ὑμῖν

1938 1303 2362 1375 διακονήσασθαι
2387 1301 2537 1375 [721]
2568 1302 2823 1371 ἠδύνατο.
2860 1300 3006 1354 Ἀλλ’
3026 1300 3177 1371 ὅμως
3206 1299 3329 1353 οὑδέ
3346 1296 3521 1362 οὕτως

1943 1407 2071 1477 ὑμῖν
2099 1404 2336 1474 ἐγκαλῶ,
2369 1403 2457 1458 διὰ
2488 1403 2549 1457 τὸ
2588 1402 2793 1475 σφόδρα
2823 1400 3046 1475 θαρρεῖν
3079 1397 3236 1472 ὑμῶν
3262 1397 3392 1470 περὶ
3419 1396 3521 1467 τῆς

1942 1513 2181 1584 ἀγάπης.
2215 1510 2389 1575 Αὐτὸς
2434 1510 2641 1582 μέντοι,
2669 1507 2837 1581 ἡνίκα
2872 1507 2941 1561 ἂν
2971 1505 3090 1578 ἐξῇ,
3124 1504 3365 1576 συνεχῶς
3398 1503 3522 1555 ἐπι-

1943 1614 2184 1671 στέλλειν
2213 1616 2274 1672 οὐ
2303 1614 2618 1686 παύσομαι·
2655 1609 2771 1667 οῖδα
2790 1611 2900 1685 7&9
2925 1612 2954 1665 ὑ
2963 1610 3081 1683 μῶν
3100 1610 3160 1665 τὸ
3180 1608 3402 1682 γνήσιον
3432 1605 3526 1661 καὶ

1940 1724 2143 1796 θερμὸν
2163 1724 2263 1795 τῆς
2289 1722 2605 1785 διαθέσεως.
3387 1711 3391 1714 ’

2506 1916 2637 1968 ΣΚ’.
2670 1912 2952 1976 Παιανίῳ.

2027 2052 2487 2144 Ἀνεπνεύσαμεν,
2519 2070 2925 2143 ἐσκιρτὴσαμεν
2947 2105 2962 2130 ,
2996 2064 3180 2119 οὐκέτι
3210 2061 3522 2135 ἀλλοτρίαν,

1944 2178 2064 2234 οὐδέ
2096 2179 2253 2250 ξένην
2289 2176 2462 2230 οίκεῖν
2487 2172 2792 2247 ἡγούμεθα,
2824 2164 2922 2242 τῆς
2950 2170 3052 2241 σῆς
3091 2167 3529 2250 θαυμασιότητος

1943 2282 2082 2355 πρὸς
2116 2246 2221 2354 τὴν
2261 2277 2854 2349 τοιαῦταπάσχουσαν
2893 2273 3297 2347 ἐπανελθούσης
3346 2246 3524 2327 πόλιν.

1942 2390 2094 2442 Ποιεῖ
2115 2386 2170 2440 δὲ
2194 2388 2327 2458 ἡμῖν
2353 2384 2452 2456 τὴν
2473 2382 2743 2453 τοσαύτην
2770 2381 2984 2453 ἡδονὴν,
3012 2380 3073 2433 οὐ
3101 2379 3162 2434 τὸ
3191 2379 3251 2432 σὲ
3280 2377 3528 2451 πλείονος

1925 2490 2372 2548 ἀπολελαυκέναι
2397 2488 2595 2560 τιμῆς·
2626 2489 2660 2559 ἡ
2688 2485 2799 2558 7&9
2833 2485 2900 2558 σὴ
2929 2483 3066 2556 τιμὴ
3093 2483 3194 2552 τῆς
3221 2482 3404 2554 ψυχῆς
3431 2481 3526 2543 σού

1923 2603 2092 2655 ’ἐστιν
2115 2602 2149 2670 ἡ
2177 2596 2367 2669 ἀρετὴ,
2397 2596 2489 2651 καὶ
2516 2592 2641 2648 οὔτε
2666 2590 2977 2664 ἔμπροσθέν
3018 2589 3080 2642 σέ
3116 2606 3201 2653 τις
3224 2587 3397 2659 αὐτὴν
3423 2587 3530 2656 ἀφ-

1943 2703 2159 2758 ελέσθαι
2192 2702 2435 2773 ἴσχυσεν,
2471 2699 2596 2753 οὔτε
2622 2697 2718 2752 νῦν
2749 2695 3092 2751 ἀποδέδωκεν
3126 2694 3267 2765 (πῶς
3297 2693 3407 2765 7&9
3431 2692 3530 2764 τήν

1947 2808 2021 2881 μὴ
2050 2807 2437 2880 ἀφαιρεθεῖσαν
2452 2804 2489 2875 ;)
2507 2820 2522 2835 ’
2556 2802 2867 2875 σκιρτῶμεν
2887 2802 2945 2857 δέ
2974 2802 3058 2855 ὅτι
3087 2800 3319 2873 μεγίστη
3351 2797 3529 2871 παρά-

1944 2912 2136 2984 κλησις
2166 2912 2279 2976 τοῖς
2338 2904 2742 2981 ἐλαυνομένοις,
2780 2910 2894 2972 τοῖς
2944 2905 3339 2978 σφαττομένοις
3364 2944 3378 2971 ,
3415 2907 3529 2967 τοῖς

1952 3015 2276 3086 δεδεμένοις,
2301 3015 2380 3078 είς
2400 3015 2498 3085 τὴν
2525 3011 2682 3066 πόλιν
2706 3010 2924 3083 ἐκείνην
2948 3010 3319 3082 εἰσελήλυθας,
3352 3009 3529 3065 κοινὸν

1943 3118 2136 3189 ὄφελος
2173 3118 2269 3172 καὶ
2299 3117 2463 3189 λιμὴν
2497 3116 2793 3188 εὐρύτατος
2827 3115 3032 3173 τούτων
3069 3117 3382 3188 γενόμενος.
3417 3115 3530 3170 Καὶ

1944 3224 2054 3295 γὰρ
2090 3218 2252 3278 οἶσθα
2297 3223 2601 3295 κερδαίνειν
2646 3223 2683 3278 ἃ.
2710 3221 3040 3293 κερδαίνειν
3086 3221 3215 3299 χρή.
3247 3219 3434 3292 Γράφε
3462 3220 3539 3291 δὴ»

1924 3326 2129 3382 κλοιπδν
2152 3326 2263 3381 τῶν
2291 3326 2740 3399 κατορθωμάτων
2775 3343 2868 3379 σου
2891 3325 2953 3380 τὺ
2996 3324 3246 3396 μέγεθος,
3276 3326 3372 3379 καὶ
3402 3324 3530 3393 λέγε

1926 3430 2136 3501 -σαφῶς
2172 3431 2376 3494 πόσους
2422 3429 2712 3500 κειμένους
2764 3429 3091 3499 ἀνέστησας,
3123 3428 3324 3494 πόσους
3357 3445 3530 3484 κατα-

1946 3536 2306 3600 πεπτωκότας
2338 3533 2688 3607 ἀνὼρθωσας,
2724 3533 2879 3598 τίνας
2924 3531 3324 3605 σαλευομένους
3370 3534 3532 3606 ἐστή-

1926 3641 2121 3712 ,ριξας,
2157 3640 2268 3694 τίσι
2296 3638 2662 3711 πεπονηκόσιν
2704 3639 2764 3692 ἐν
2807 3635 2884 3710 τῷ
2917 3634 3114 3709 μακρῷ
3146 3638 3321 3710 τούτῳ
3352 3638 3529 3711 χρόνῳ

1946 3744 2244 3817 παρέστης,
2275 3744 2429 3809 τίνας
2458 3744 2838 3818 ρᾳθυμοῦντας
2884 3742 3207 3808 σπουδαίους
3238 3742 3527 3825 ἐποίησας,

1924 3848 2096 3911 ,τίνας
2119 3845 2442 3912 σπουδαίους
2472 3849 2631 3914 ὄντας
2664 3848 3116 3921 σπουδαιοτέρους
3137 3848 3403 3919 εἰργάσω,
3433 3849 3530 3914 καὶ
3576 3858 3591 3873 ‘

1948 3953 2127 4008 πάντα
2154 3953 2343 4017 ἁπλῶς
2370 3954 2491 4008 καθ’
2528 3953 2759 4009 ἕκαστον
2797 3956 2866 4009 τὰ
2896 3955 2990 4008 ἐπὶ
3024 3954 3129 4027 τῆς
3168 3954 3529 4026 παρατάξεώς

1948 4071 2043 4108 σου
2068 4054 2273 4127 ταύτης
2303 4054 2613 4127 ἀνδραγαθή
2622 4072 2790 4126 ματα.
2820 4052 2952 4110 Οἶδα
2978 4058 3077 4128 μὲν
3102 4057 3212 4129 7&9
3238 4056 3411 4112 ταῦτα
3432 4056 3528 4111 καὶ

1922 4159 2055 4231 ’πρὸ
2084 4160 2192 4213 τῶν
2215 4159 2560 4232 γραμμάτων
2591 4158 2701 4214 τῶν
2731 4160 2859 4226 σῶν,
2890 4159 3081 4233 ἐπειδὴ
3105 4162 3201 4216 καὶ
3227 4160 3327 4234 τὴν
3350 4161 3526 4233 ψυχὴν

1946 4262 2062 4319 οἶδα
2093 4266 2193 4336 τὴν
2229 4264 2347 4337 σὴν,
2377 4264 2470 4319 τὸν
2498 4268 2747 4336 γενναῖον
2770 4266 3033 4340 ἀθλητὴν,
3057 4269 3151 4323 καὶ
3180 4267 3272 4323 τὸν
3310 4269 3529 4339 θαυμα-

1949 4367 2072 4421 στὸν
2103 4366 2364 4440 ἀριστέα·
2399 4368 2518 4422 ἀλλ’
2542 4365 2635 4423 οῦν
2670 4367 2930 4442 βούλομαι
2985 4370 3079 4425 καὶ
3119 4371 3269 4444 παρά
3296 4372 3397 4442 τῆς
3430 4390 3530 4426 πο-

1947 4469 2260 4542 θεινοτάτης
2297 4489 2388 4542 μοι
2435 4469 2681 4544 γλώττης
2722 4472 2896 4527 ταῦτα
2938 4473 3247 4545 μανθάνειν.
3276 4473 3429 4528 Δίδου
3462 4474 3531 4545 δὴ

1946 4576 2081 4646 ἡμῖν
2107 4573 2313 4647 ταύτην
2346 4578 2446 4647 τήν
2476 4575 2692 4647 αἴτησιν
2717 4594 2730 4608 ·
2764 4572 2920 4630 οἶσθα
2960 4576 3071 4650 γὰρ
3117 4576 3314 4649 ἡλίκην
3359 4581 3528 4649 χαριῇ
3564 4590 3571 4597 ‘

1947 4677 2127 4749 χάριν,
2164 4677 2326 4732 τοῦτο
2358 4679 2546 4735 ποιῶν.

2178 4925 2187 4935 .
2215 4884 2393 4938 ΣΚΑ’.
2437 4884 2829 4947 Κωνσταντίῳ
2860 4883 3260 4953 πρεσϐυτέρῳ.

2017 5039 2096 5109 Τῇ
2130 5037 2364 5110 τετάρτῃ
2391 5037 2486 5091 τοῦ
2538 5038 2792 5110 Πανέμου
2847 5038 3016 5110 μηνὸς
3057 5039 3265 5110 μέλλων
3294 5010 3404 5094 ἀπὸ
3428 5043 3533 5113 τῆς

1924 5141 2180 5205 ’Νικαίας
2211 5140 2536 5215 διεξορμᾷν,
2585 5142 2761 5196 ταῦτα
2815 5143 3194 5217 διαπέμπομαι
3230 5144 3300 5199 τά
3348 5145 3529 5217 γράμ-

1948 5261 2096 5314 ματα
2124 5245 2263 5318 πρὸς
2283 5246 2384 5318 τήν
2411 5247 2511 5319 σήν
2536 5246 2865 5313 θεοσέϐειαν,
2892 5250 3247 5321 παρακαλῶν,
3275 5251 3414 5322 ὅπερ
3439 5251 3527 5303 ἀεὶ
3588 5244 3593 5249 ’

1946 5351 2282 5422 παρακαλῶν
2310 5352 2412 5407 οὐκ
2460 5354 2790 5425 ἐπαυσάμην
2808 5394 2824 5420 ,
2869 5353 2973 5409 κᾶν
3016 5355 3399 5428 χαλεπώτερος
3428 5356 3527 5411 τοῦ

1890 5478 1901 5489 ·
1944 5454 2040 5510 νῦν
2075 5455 2401 5528 κατέχοντος
2432 5457 2656 5529 γένηται
2683 5461 2712 5512 δ
2760 5459 3001 5532 χειμὼν,
3046 5461 3148 5545 κᾶν
3183 5461 3403 5533 μείζονα
3454 5461 3524 5516 τὰ

1944 5562 2184 5635 κύματα,
2223 5564 2299 5636 μή
2333 5563 2600 5619 διαλιπεῖν
2628 5565 2696 5620 τὰ
2740 5567 2937 5622 σαυτοῦ
2973 5568 3283 5640 πληροῦντα
3312 5570 3390 5633 είς
3424 5570 3521 5640 τὴν

1945 5667 2281 5739 οἰκονομίαν,
2314 5663 2381 5740 ἧς
2427 5670 2486 5736 ἐξ
2518 5671 2718 5744 ἀρχῆς⁸
2745 5672 2895 5744 ἥψω·
2939 5673 3084 5744 λέγω
3116 5673 3181 5746 δὴ
3206 5675 3302 5730 τοῦ
3333 5674 3521 5749 Em;-

2021 5891 2038 5912 '
2062 5886 2251 5941 FabriC.
2276 5891 2704 5956 γραμματηφόρων.
