3950 6376
412 429 534 486 Ἳδδ

426 549 623 621 νισμοῦ
655 552 752 622 τὴν
800 546 1150 617 καθαίρεσιν,
1184 540 1293 593 τῶν
1341 529 1649 602 ἐκκλησιῶν
1680 527 1778 588 τάς
1802 522 2001 577 οἰκοδο-

431 642 565 715 μὰς⁹
593 639 702 694 τῶν
754 638 942 710 ψυχῶν
988 636 1085 706 τὴν
1136 629 1487 702 ἐπιμέλειαν·
1536 622 1668 694 μηδέ
1720 635 1779 671 σε
1819 616 2011 669 ῦπτιον

428 708 652 789 ποιείτω
684 708 1165 803 τῶν-πραγμάτων
1205 726 1240 796 ἡ
1269 719 1544 776 δυσκολία,
1585 713 1721 768 Οὐδὲ
1760 708 1873 780 γὰρ
1913 725 2020 803 κύ..

427 828 697 900 ϐερνήτης
726 824 788 879 τὸ
822 799 1057 892 πέλαγος
1083 818 1226 892 δρῶν
1258 813 1582 888 μαινόμενον
1613 808 1708 900 καίΪ
1729 799 2015 900 διανιστά-

431 891 624 991 μεῶς.
652 891 1037 987 ’ἀποστήσεται
1074 891 1184 964 τῶν
1232 906 1435 961 οίάκων
1456 920 1469 933 υ
1508 900 1623 955 ἀλλ’
1659 895 1783 951 οὑδὲ
1832 891 2015 961 ἰατρὸς

425 989 517 1069 τὸν
552 1012 833 1084 κάμνοντα
864 1008 1077 1081 βλέπων
1106 1006 1172 1075 τῇ
1208 1001 1347 1071 νόσῳ
1380 989 2016 1084 κρατούμενονηάναχω-

428 1108 585 1178 ρήσει
621 1080 720 1174 τῆς
777 1080 1099 1174 θεραπείας,
1137 1092 1275 1150 ἀλλά
1325 1090 1449 1145 τότε
1501 1086 1737 1158 μάλιστα
1783 1080 2016 1178 ἕκαστος

420 1170 632 1251 τούτων
658 1170 728 1265 τῇ
760 1170 926 1265 τέχνῃ
962 1189 1249 1260 χρήσεται.
1293 1182 1408 1237 Καὶ
1439 1180 1504 1233 σὺ
1542 1177 1747 1239 τοίνυν,
1781 1170 2019 1265 δέσποτά

424 1305 536 1360 μου
570 1262 872 1357 τιμιῶτατε
898 1262 997 1336 καὶ
1046 1277 1430 1337 εὐλαϐέστατε,
1460 1269 1628 1339 πολλῇ
1671 1266 1767 1321 νῦν
1811 1262 2017 1360 χρῆσαι

426 1354 497 1454 τῇ
533 1354 816 1453 προθυμίᾳ
841 1417 855 1442 ,
890 1374 1026 1448 μηδὲ
1080 1372 1272 1426 ὕπτιον
1304 1365 1523 1422 ποιείτω
1560 1379 1621 1416 σε
1665 1360 1735 1414 τά
1782 1354 2019 1454 συμϐαί-

430 1444 593 1528 νοντα
612 1489 624 1502 ·
662 1444 856 1542 οὑ-γάρ
883 1444 1025 1537 ὑπὲρ
1064 1459 1139 1520 ὧν
1168 1461 1413 1517 ποιοῦσιν
1442 1457 1589 1529 ἡμᾶς
1610 1454 1788 1523 ἐτεροι
1828 1444 2017 1542 κακῶν

429 1564 592 1634 λόγον
613 1538 880 1633 δώσομεν,
905 1558 1041 1614 ἀλλὰ
1075 1558 1169 1612 καὶ
1207 1553 1359 1628 [τεο]
1396 1549 1585 1622 μισοδν
1617 1542 1930 1634 ληψόμεθα.
1951 1538 2017 1634 ει

422 1630 519 1711 ’δὲ-
547 1657 704 1711 αὑτοὶ
743 1630 814 1707 τὰ
846 1652 976 1724 παρ’
1019 1648 1227 1703 ἑαυτῶν
1273 1646 1348 1718 μὴ
1404 1641 1839 1709 είσενέγκαιμεν,
1884 1630 2021 1687 ἀλλά

438 1748 879 1822 ρᾳθυμήσαιμεν,
908 1744 1060 1798 οὑδέν
1090 1744 1170 1805 είς
1191 1739 1349 1793 τοῦτο
1389 1734 1547 1808 ἡμῶν
1590 1729 1960 1822 προστήσεται
1992 1724 2022 1777 ὁ

434 1818 545 1895 τῶν
583 1818 927 1912 πραγμάτων
971 1834 1230 1907 θόρυϐοςο
1262 1831 1385 1886 ἐπεὶ
1417 1829 1510 1884 καὶ
1555 1823 1770 1887 Παῦλος
1804 1818 2023 1912 ’δεσμωῖ

436 1910 843 2006 τήριον-οίκῶν,
879 1928 973 1983 καὶ
996 1926 1078 1998 τῷ
1112 1925 1252 1996 ξύλῳ
1283 1917 1730 1994 προσδεδεμένος,
1758 1913 1829 1967 τά
1855 1910 2019 2006 αὑτοῦ

436 2004 632 2089 ἐποίει,
657 2024 753 2078 καὶ
788 2017 971 2084 Ἰωνᾶς
999 2022 1056 2075 ἐν
1093 2022 1158 2090 τῇ
1184 2015 1385 2089 γαστρὶ
1413 2012 1507 2067 τοῦ
1539 2007 1823 2065 θαλαττίου
1857 2004 2023 2075 θηρὸς

438 2119 772 2192 φερόμενος,
816 2117 911 2171 καὶ
961 2116 1012 2169 οί
1062 2115 1208 2184 τρεῖς
1271 2108 1461 2172 παῖδες
1511 2106 1561 2158 οί
1593 2107 1651 2159 ἐν
1698 2104 1764 2173 τῇ
1806 2097 2023 2170 καμίνῳ

426 2208 805 2282 διατρίϐοντες
823 2223 837 2237 °
888 2206 983 2259 καὶ
1013 2203 1204 2259 οὐδένα
1236 2200 1442 2256 τούτων
1470 2198 1539 2253 τὰ
1566 2195 1786 2251 ποικίλα
1815 2192 2025 2282 δεσμω-

437 2305 605 2377 τήρια
629 2301 808 2357 ταῦτα
853 2298 1225 2373 ῥᾳθυμότερον
1268 2295 1558 2364 πεποίηκε.
1602 2288 1767 2344 Ταῦτ’
1808 2281 1904 2340 οῦν
1936 2285 2026 2377 ἐνῖ

434 2372 603 2458 νοῶν,
635 2372 875 2446 δέσποτά
904 2406 1028 2462 μου,
1067 2388 1162 2442 καὶ
1185 2384 1459 2454 Φοινίκης,
1485 2383 1580 2437 καὶ
1619 2378 1900 2451 Ἀραϐίας,
1933 2372 2028 2429 καὶ

439 2482 554 2537 τῶν
581 2481 724 2538 κατά
744 2482 845 2552 τὴν
870 2476 1161 2548 Ἀνατολὴν
1179 2476 1254 2548 μὴ
1275 2472 1461 2547 παύσῃ
1484 2470 1783 2545 φροντίζων
1805 2464 2031 2536 Ἐκκλη-

444 2574 599 2640 σιῶν,
644 2571 802 2638 εἰδὼς
825 2573 908 2626 ὅτι
960 2570 1182 2625 πλείονα
1217 2568 1366 2641 λήψῃ
1386 2558 1493 2619 ’τὸν
1547 2561 1755 2636 μισθὸν,
1788 2561 1897 2630 ὅσῳ
1937 2556 2035 2613 καὶ

444 2666 715 2723 τοσούτων
743 2665 913 2720 ὅντων
938 2662 1049 2718 τῶν
1075 2660 1436 2732 κωλυμάτων,
1455 2657 1525 2712 τὰ
1558 2657 1689 2728 παρ’
1723 2652 1889 2708 αὑτοῦ
1923 2652 2034 2705 εἰσ-

447 2760 655 2828 φέρεις.
693 2754 808 2810 Καὶ
834 2754 1067 2827 γράφειν
1106 2751 1165 2806 δὲ
1202 2752 1336 2822 ἡμῖν
1377 2747 1615 2819 συνεχῶς
1653 2744 1729 2818 μὴ
1754 2742 2032 2808 κατόκνει,

448 2848 585 2905 ἀλλά
637 2849 732 2902 καὶ
765 2847 1098 2901 πυκνότατα.
1151 2843 1241 2908 Ὠς
1267 2841 1376 2914 γὰρ
1421 2841 1667 2912 ἔγνωμεν
1709 2837 1824 2903 νῦν,
1851 2834 2036 2890 οὐκέτι

449 2942 531 3004 εἰς
555 2938 907 3003 Σεϐάστειαν,
929 2936 1047 2992 ἀλλ’
1071 2937 1150 3002 είς
1175 2936 1275 3008 τὴν
1300 2932 1614 2989 Κουκουσδν
1635 2929 1929 2998 ἐκελεύσθη
1940 2944 2039 2999 μεν

450 3031 728 3096 ἀπελθεῖν,
747 3033 884 3086 ὅπου
912 3047 994 3084 σοι
1025 3030 1120 3083 καὶ⁹
1142 3027 1505 3098 εὐκολώτερον
1527 3024 1862 3080 ἐπιστέλλειν
1883 3024 2035 3093 ἡμῖν.

452 3127 640 3198 Γράφε
675 3124 861 3179 τοίνυν
891 3124 1026 3194 ἡμῖν
1057 3121 1224 3176 πόσαι
1253 3118 1542 3190 ἐκκλησίαι
1576 3118 1663 3171 ἐπ’
1696 3115 1815 3180 έτος
1840 3114 2041 3185 ᾠκοδο-

459 3217 735 3291 μήθησαν,
771 3216 868 3270 καὶ
895 3214 1039 3277 τίνες
1062 3212 1254 3285 ἄνδρες
1286 3212 1437 3279 άγιοι
1466 3210 1803 3281 μετέστησαν
1833 3208 1915 3271 είς
1942 3207 2042 3277 τὴν

454 3307 734 3379 Φοινίκην,
766 3305 863 3360 καὶ
893 3303 949 3358 εῐ
976 3322 1060 3367 τις
1086 3303 1250 3357 πλέον
1276 3302 1470 3371 γέγονε
1503 3300 1776 3372 προκοπή.
1802 3299 1912 3362 Καὶ
1934 3299 2044 3368 γὰρ

457 3398 568 3454 ἀπὸ
598 3396 838 3461 Νικαίας
861 3395 1038 3470 εὑρών
1062 3411 1187 3449 τινα
1228 3391 1534 3465 μονάζοντα
1566 3389 2044 3461 ἐγκεκλεισμένον,

459 3493 654 3547 ἔπεισα
680 3490 842 3545 αὑτὸν
898 3488 1075 3543 ἐλθεῖν
1118 3487 1257 3561 πρὸς
1290 3470 1390 3559 τὴν
1435 3485 1535 3557 σὴν
1578 3483 1902 3549 εὐλάϐειαν,
1950 3482 2048 3538 καὶ

459 3582 717 3639 ἀπελθεῖν
749 3582 829 3646 είς
860 3580 1135 3652 Φοινίκην.
1172 3579 1236 3632 Et
1266 3578 1641 3650 παραγέγονεν
1678 3570 1773 3631 οῦν
1807 3574 2047 3645 δηλῶσαί

462 3694 556 3750 μοι
590 3675 911 3730 σπούδασον.
951 3672 1060 3726 Τοῦ
1114 3671 1418 3743 Σαλαμῖνος
1468 3670 1654 3724 ἕνεκεν
1702 3668 1903 3741 χωρίου
1950 3666 2047 3721 τοῦ

463 3769 606 3825 κατά
630 3768 731 3840 τὴν
760 3765 986 3838 Κύπρον
1032 3764 1319 3835 κειμένου,
1348 3761 1445 3817 τοῦ
1487 3762 1593 3816 ὑπὸ
1632 3761 1737 3832 τῆς
1784 3760 2051 3831 αἱρέσεως

461 3859 577 3913 τῶν
607 3854 1042 3929 Μαρκιωνιστῶν
1069 3852 1553 3923 πολιορκουμένου,
1577 3852 1727 3923 ήμην
1747 3849 2052 3921 διειλεγμέ-

464 3967 557 4015 νος
591 3943 676 4012 οἷς
706 3948 898 4020 ἐχρῆν,
927 3946 1023 4001 καὶ
1056 3942 1443 4015 κατωρθωκὼς
1473 3943 1536 3998 τὸ
1564 3944 1693 4009 πᾶν,
1732 3943 1848 3997 ἀλλ’
1881 3941 2053 4014 ἔφθην

465 4039 856 4111 ἐκϐληθείς.Εί
886 4037 1067 4094 τοίνυν
1094 4038 1290 4109 μάθοις
1309 4038 1400 4092 τὸν
1424 4037 1614 4109 κύριόν
1643 4054 1747 4108 μου
1773 4035 2054 4108 κυριακὸν

465 4132 558 4188 τὸν
618 4132 920 4186 ἐπίσκοπον
970 4130 1063 4184 ἐπὶ
1121 4130 1222 4201 τῆς
1270 4127 1898 4191 Κωνσταντινουπόλεως
1935 4127 2054 4181 δια·-

467 4224 712 4297 τρίϐειν,
751 4221 1056 4277 ἐπίστειλον
1103 4220 1253 4292 αὑτῷ
1300 4220 1506 4292 ταύτης
1553 4221 1740 4276 ἕνεκεν
1777 4219 1879 4290 τῆς
1917 4221 2054 4275 ὑπο-

467 4318 696 4382 θέσεως,
728 4318 824 4371 κα)⁸
867 4314 929 4368 τὸ
958 4317 1066 4368 πᾶν
1095 4313 1292 4368 ἀνύσαι
1324 4313 1632 4385 δυνήσεται.
1673 4312 1786 4368 Καὶ
1819 4312 2056 4384 μάλιστα

469 4411 596 4474 τοὺς
637 4407 774 4481 πρὸς
809 4406 900 4462 τὸν
938 4406 1071 4461 Θεὺν
1126 4405 1438 4478 παρρησίαν
1484 4404 1709 4477 ἔχοντας
1750 4405 2058 4476 παρακάλει

471 4501 641 4574 πολλῇ
660 4497 961 4573 κεχρῆσθαι
986 4500 1055 4570 τῇ
1079 4496 1234 4570 εὐχῇ,
1256 4495 1423 4569 πολλῇ
1451 4499 1519 4568 τῇ
1543 4496 1813 4569 ἐκτενείᾳ,
1835 4496 1977 4551 ὥστε
1998 4498 2060 4551 τὸ

471 4596 574 4669 τῆς
625 4593 956 4666 οἰκουμένης
998 4590 1162 4645 τοῦτο
1207 4588 1469 4659 ναυάγιον
1506 4587 1843 4645 παύσασθαι.
1897 4587 2061 4659 ’Δφό-

477 4703 616 4761 ρητα
640 4685 750 4757 γάρ
773 4683 868 4736 καὶ
890 4682 990 4754 τὴν
1026 4680 1211 4735 Ἀσίαν
1240 4679 1506 4734 κατέλαϐε
1534 4680 1702 4746 κακά,
1736 4682 1833 4736 καὶ
1869 4681 2062 4753 ἐτέρας

475 4780 536 4834 δέ
559 4777 744 4840 πόλεις
772 4775 869 4829 καὶ
900 4772 1250 4845 Ἐκκλησίας,
1308 4772 1474 4845 ἆπερ,
1524 4773 1613 4828 [va
1658 4772 1734 4844 μὴ
1779 4772 1928 4827 δοκῶ
1987 4773 2064 4826 δι..

478 4868 737 4940 ενοχλεῖν,
776 4865 940 4936 ἀφεὶς
966 4864 1030 4917 τὸ
1053 4864 1173 4918 καθ’
1202 4863 1431 4925 ἕκαστον
1457 4861 1657 4931 λέγειν,
1690 4863 1868 4918 ἐκεῖνο
1903 4863 2063 4935 μόνον

481 4960 614 5032 ἐρῶ,
634 4960 718 5015 ὅτι
741 4957 916 5030 εὐχῶν
957 4955 1171 5011 πολλῶν
1196 4952 1376 5027 χρεία,
1413 4955 1509 5009 καὶ
1541 4954 1778 5027 δεήσεων
1805 4953 2061 5011 ἐκτενῶν.

483 5098 660 5156 ΣΚΗ.
715 5096 965 5165 Κάστφ,
1012 5097 1348 5163 Οὐαλερίῳ,
1400 5095 1741 5166 Διοφάντῳ,
1772 5089 2065 5161 Κυρωκῷν

848 5166 1273 5236 πρεσϐυτέροις
1314 5167 1700 5235 Ἀντιοχείας.

558 5305 670 5362 Καὶ
717 5304 781 5359 τὸ
829 5303 1059 5375 γράψαι,
1103 5306 1198 5359 καὶ
1240 5304 1539 5376 προτέρους
1579 5302 1912 5374 ἐπιπηδῆσαι
1955 5304 2069 5366 τοῖς

486 5402 626 5475 πρὸς
650 5400 799 5472 ἡμᾶς
826 5397 1137 5471 γράμμασι,
1167 5398 1258 5451 καί
1303 5396 1363 5450 τὸ
1395 5397 1702 5468 γράμματα
1752 5396 1881 5468 παρ’
1910 5395 2069 5469 ἡμῶν

486 5491 729 5562 αἰτῆσαι,
762 5489 858 5544 καὶ
885 5487 947 5542 τὸ
985 5486 1238 5542 κελεῦσαι
1265 5488 1575 5560 ὑπερϐῆναι
1621 5488 1818 5560 μέτρον
1850 5489 2072 5542 ἐπιστο-

487 5585 605 5659 λῆς,
633 5582 800 5649 ἔδειξε
825 5582 956 5646 τοὺς
984 5581 1313 5653 ἀκορέστους
1344 5583 1439 5635 καὶ
1463 5582 1724 5651 μανικοὺς
1761 5581 1921 5654 ήμῶν
1944 5584 2074 5654 ἐρα-

492 5680 643 5741 στάς.
691 5675 866 5730 Τοῦτο
907 5675 1007 5746 τὴν
1054 5671 1326 5745 ἐρημίαν,
1376 5673 1436 5725 ἐν
1550 5671 1929 5744 διατρίϐομεν,
1971 5673 2074 5727 οὑκ

493 5770 718 5838 ἀφίησιν
741 5768 978 5839 ἐρημίαν
1005 5763 1296 5835 φαίνεσθαι
1315 5781 1329 5796 ’
1362 5762 1523 5819 τοῦτο
1566 5762 1667 5827 τὰς
1701 5764 1953 5828 ποικίλας
1980 5765 2075 5820 καὶ

499 5861 742 5928 συνεχεῖς
783 5859 941 5931 ἡμῶν
982 5858 1337 5930 περιστάσεις
1386 5854 1822 5927 παραμυθεῖται.
1849 5855 1919 5912 Τί
1964 5856 2075 5930 γὰρ

1117 425 1173 482 S.
1208 423 1493 479 JOANNIS
1530 414 2024 478 CHRYSOSTOMI
2063 411 2380 469 ARCHIEP.
2420 407 2966 468 CONSTANTINOP.

3590 411 3704 467 734

2116 521 2336 592 ἀγάπης
2369 522 2515 589 ῖσονς
2552 526 2667 578 υὺκ
2700 526 2848 581 ἔστιν
2892 529 3066 584 οὐδέν.
3098 528 3248 601 Αὕτη
3281 529 3377 584 καὶ
3421 530 3568 603 ῥίζα,
3602 532 3709 584 καὶ

2116 613 2289 685 πηγὴ,
2311 616 2407 670 καὶ
2437 617 2625 691 μήτηρ
2650 620 2766 673 ἐστὶ
2794 619 2905 673 τῶν
2936 620 3181 689 ἀγαθῶν,
3212 622 3383 693 ἀρετὴ
3404 622 3573 677 πόνον
3595 623 3711 675 οὑκ

2113 707 2335 778 ἔχουσα,
2365 708 2536 781 ἀρετὴ
2580 710 2740 782 ἡδονῇ
2789 711 3317 786 συγκεκληρωμένη,
3352 715 3449 768 καὶ
3496 713 3715 785 πολλὴν

2113 798 2357 869 φέρουσα
2387 801 2502 863 τοῖς
2532 801 2777 872 γνησίως
2809 803 2979 874 αὐτὴν
3021 802 3268 875 μετιοῦσι
3298 805 3399 877 τὴν
3431 805 3718 878 εὐφροσύ-

2113 906 2233 961 νην.
2267 890 2367 945 Διά
2414 892 2585 946 ταῦτα
2615 892 2777 965 χάριν
2808 894 2940 965 ὑμῖν
2975 894 3135 966 ἴσμεν
3185 895 3416 968 πολλὴν,
3445 898 3527 951 ὃτι
3553 895 3721 951 οὑτω

2114 984 2353 1054 γνησίως
2381 984 2743 1057 διετηρήσατε
2771 988 2873 1057 τὴν
2902 986 3055 1059 [725]
3082 988 3213 1059 περὶ
3234 989 3383 1060 ἡμᾶς
3419 988 3676 1043 διάθεσιν
3698 1002 3717 1017 °

2114 1076 2208 1129 καὶ
2235 1076 2399 1146 ἡμεῖς
2427 1075 2484 1131 δὲ
2521 1076 2770 1149 ὅπουπερ
2801 1077 2870 1132 ἂν
2912 1072 3085 1148 ὦμεν,
3123 1078 3230 1132 κᾶν
3262 1079 3399 1150 πρὸς
3425 1077 3565 1133 αὑτά
3599 1078 3723 1147 τῆς

2113 1167 2443 1241 οίκουμένης
2470 1169 2867 1241 ἀπενεχθῶμεν
2887 1170 2957 1225 τά
2985 1172 3235 1244 τέρματα
3256 1184 3308 1236 ι,
3331 1170 3434 1225 κᾶν
3454 1172 3536 1235 είς
3564 1170 3683 1242 ὲρη
3706 1200 3723 1210 -

2120 1260 2350 1331 μότερον
2390 1261 2580 1316 τούτου
2612 1263 2837 1335 χωρίον,
2868 1265 3262 1336 περιφέροντες
3297 1264 3442 1336 ὑμᾶς
3468 1265 3722 1333 ἄπιμεν,

2118 1349 2520 1422 ἐγκολάψαντες
2572 1354 2718 1424 ὑμᾶς
2753 1357 2822 1426 τῇ
2879 1355 3093 1427 διανοίᾳ
3114 1395 3129 1419 ,
3182 1354 3279 1409 καὶ
3316 1353 3393 1425 τῷ
3440 1352 3725 1407 συνειδότι

2119 1444 2530 1516 ἐναποθέμενοι,
2569 1446 2668 1501 καὶ
2704 1445 2830 1501 οὔτε
2855 1448 2955 1518 τῆς
2984 1448 3104 1502 ὁδοῦ
3123 1447 3185 1502 τὸ
3226 1446 3423 1519 μῆκος,
3451 1444 3577 1500 οὔτε
3603 1444 3725 1499 τοῦ

2118 1534 2317 1604 χρόνου
2347 1535 2409 1588 τὸ
2454 1534 2661 1607 πλῆθος
2688 1576 2704 1602 ,
2745 1535 2870 1591 οῦτε
2904 1540 2934 1591 ό
2974 1537 3084 1591 τῶν
3135 1536 3505 1609 περιστάσεων
3545 1533 3729 1604 ὖχλος

2123 1627 2533 1701 ῥᾳθυμοτέρως
2563 1630 2714 1701 ἡμᾶς
2741 1631 2869 1701 περὶ
2908 1630 3008 1702 τὴν
3039 1629 3340 1701 ἐμμέλειαν
3370 1628 3469 1700 τὴν
3505 1627 3731 1697 ὑμετέ-

2125 1737 2228 1792 ραν
2257 1721 2582 1792 πεποίηκεν,
2605 1722 2724 1777 ἀλλ’
2748 1722 2825 1786 ὡς
2854 1722 2982 1793 χθὲς
3001 1724 3098 1778 καὶ
3125 1722 3316 1795 πρώην
3343 1723 3468 1792 ὑμῖν
3502 1737 3732 1790 συγγε-

2122 1814 2365 1885 νόμενοι,
2405 1814 2608 1887 μᾶλλον
2640 1815 2698 1868 δέ
2727 1816 2805 1879 ῶς
2829 1817 2917 1870 ἀεὶ
2968 1815 3089 1887 μεθ’
3125 1816 3280 1886 ὑμῶν
3311 1814 3480 1878 ὄντες,
3513 1812 3733 1884 ῶσπερ

2123 1902 2218 1962 οῦν
2247 1907 2342 1962 καὶ
2381 1907 2570 1978 ἐσμὲν,
2611 1907 2788 1973 οὕτως
2831 1909 2977 1980 ὑμᾶς
3034 1908 3274 1980 ὁρῶμεν,
3316 1908 3410 1962 καὶ
3438 1909 3734 1977 φανταςὸ-

2130 2001 2269 2073 μεθα
2299 2003 2416 2065 τοῖς
2444 2002 2547 2072 τῆς
2584 2000 2811 2074 ἀγάπης
2849 2001 3170 2072 ὀφθαλμοῖς.
3206 2000 3455 2056 Τοιοῦτον
3490 2001 3600 2071 γὰρ
3656 2001 3732 2054 τὸ

2128 2090 2306 2161 φιλεῖν
2325 2109 2339 2124 ·
2370 2092 2434 2146 ού
2468 2092 2769 2162 διείργεται
2803 2089 2926 2145 ὁδοῦ
2963 2090 3330 2163 διαστήμασιν
3353 2091 3404 2156 ιι,
3426 2090 3486 2144 οὑ
3513 2090 3733 2160 μαραί-

2127 2200 2279 2237 νεται
2313 2183 2543 2255 ἡμερῶν
2575 2183 2798 2255 πλήθει.
2827 2184 2890 2237 οὑ
2929 2185 3151 2237 νικᾶται
3182 2182 3416 2253 θλίψεων
3455 2182 3733 2253 περιστὰ-

2130 2292 2234 2338 σει,
2264 2274 2381 2329 ἀλλ’
2430 2277 2513 2335 είς
2562 2273 2698 2345 ὕψος
2729 2273 2945 2346 αἴρεται
2989 2273 3079 2328 διὰ
3123 2274 3359 2338 παντὸς,
3388 2273 3481 2327 καὶ
3515 2271 3733 2341 φλογὸς

2133 2369 2385 2438 μιμεῖται
2422 2365 2645 2438 δρόμον.
2676 2366 2790 2421 Καὶ
2831 2369 2993 2421 τοῦτο
3034 2366 3150 2421 ῐστε
3202 2365 3434 2438 μάλιστα
3472 2364 3731 2427 πάντων,

2132 2459 2320 2529 ἐπειδὴ
2352 2458 2447 2513 καὶ
2475 2458 2651 2528 φιλεῖν
2698 2458 2936 2530 μάλιστα
2987 2457 3205 2513 πάντων
3263 2454 3555 2511 ἐπίστασθε
3576 2473 3591 2485 ·
3617 2455 3735 2508 ,διὸ

2134 2554 2230 2607 καὶ⁵
2267 2551 2475 2623 σφόδρα
2527 2552 2673 2623 ὑμᾶς
2722 2552 3125 2624 μακαρίζομεν.
3166 2550 3232 2603 El
3266 2548 3378 2622 γὰρ
3424 2548 3517 2602 καὶ
3558 2550 3736 2619 ἡμεῖς

2133 2644 2345 2717 οἰκτροὶ
2374 2644 2471 2698 καὶ
2493 2643 2758 2709 εὐτελεῖς,
2782 2643 2898 2698 ἀλλ’
2928 2645 2957 2697 ό
2992 2641 3129 2706 Θεὸς
3165 2640 3349 2704 ίκανδς
3380 2640 3508 2713 ὑμῖν
3532 2639 3734 2694 δοῦναι

2135 2738 2234 2808 τῆς
2276 2737 2499 2807 ἀγάπης
2548 2735 2755 2808 ταύτης
2806 2734 3031 2808 μείζονα
3084 2735 3188 2806 τὴν
3222 2733 3581 2805 ἀνταμοιϐὴν,
3624 2734 3736 2787 καὶ

2138 2826 2321 2898 πολλῷ
2372 2826 2598 2881 πλείονα
2618 2843 2632 2857 ·
2684 2826 2780 2881 καὶ
2809 2826 2920 2897 γὰρ
2966 2826 3033 2881 ἐκ
3078 2825 3278 2881 πολλοῦ
3315 2824 3407 2879 τοῦ
3441 2823 3739 2896 περιόντος

2140 2920 2232 2973 ἀεὶ
2258 2919 2387 2990 νικᾷ
2416 2920 2534 2982 ταῖς
2565 2918 2869 2972 ἀντιδόσεσι
2899 2917 3029 2981 τοὺς
3060 2916 3266 2987 ἀγαθόν
3287 2934 3341 2970 τι
3373 2913 3662 2978 ποιοῦντας
3691 2915 3733 2986 ἢ

2139 3011 2420 3081 λέγοντας.
2452 3009 2597 3080 Ἐγὼ
2619 3011 2720 3083 μὲν
2744 3006 2839 3065 οῦν
2871 3010 3176 3082 ἐϐουλόμην
3207 3011 3302 3065 καὶ¹
3329 3010 3518 3073 αὑταῖς
3538 3008 3741 3079 ὗψεσιν

2142 3105 2288 3175 ὑμᾶς
2320 3103 2472 3170 ίδεῖν,
2512 3102 2732 3172 καὶτῆς
2773 3100 2915 3156 κατὰ
2937 3103 3230 3173 πρόσωπον
3264 3099 3573 3155 ἀπολαῦσαι
3604 3116 3739 3152 συν-

2143 3196 2356 3260 ουσίας,
2399 3197 2497 3250 καὶ
2534 3194 2915 3267 ἐμφορηθῆναι
2943 3194 3040 3248 καὶ
3088 3191 3264 3264 τούτῳ
3295 3191 3375 3264 τῷ
3410 3191 3598 3262 τρόπῳ
3627 3189 3738 3259 τῆς

2146 3288 2371 3359 ἀγάπης
2397 3286 2582 3357 ὑμῶν·
2617 3285 2808 3358 ἐπειδὴ
2841 3286 2897 3340 δὲ
2928 3285 3088 3340 τοῦτο
3119 3286 3220 3339 οὑκ
3248 3284 3351 3351 ενι,
3381 3285 3441 3337 οὑ
3473 3284 3543 3338 δι’
3574 3282 3740 3336 ὄκνον

2148 3381 2245 3434 καὶ
2275 3379 2572 3451 ρᾳθυμίαν,
2614 3376 2751 3432 ἀλλὰ
2782 3377 2873 3431 διὰ
2907 3377 2971 3430 τὸ
3019 3379 3088 3449 τῇ
3129 3377 3342 3449 ἀνάγκη
3372 3376 3476 3447 τῆς
3516 3374 3739 3445 ἐξορίας

2150 3470 2510 3542 πεπεδῆσθαι,
2549 3468 2643 3523 τὸν
2677 3467 2810 3538 γοῦν
2841 3467 3095 3539 δεύτερον
3133 3468 3283 3538 ἡμᾶς
3318 3467 3394 3539 μὴ
3420 3466 3737 3535 ἀποστερή-

2153 3580 2281 3635 σητε
2317 3560 2511 3626 πλοῦν,
2540 3561 2678 3615 ἀλλὰ
2706 3561 2957 3632 πέμπετε
2992 3561 3125 3632 ἡμῖν
3154 3559 3383 3629 νιφάδας
3411 3556 3735 3618 ἐπιστολῶν,

2150 3656 2220 3709 τά
2257 3653 2389 3726 περὶ
2415 3654 2514 3726 τῆς
2539 3653 2729 3723 ὑγείας
2760 3652 2858 3724 τῆς
2889 3653 3164 3724 ὑμετέρας
3216 3650 3504 3722 δηλούσας.
3533 3650 3602 3703 Et
3626 3648 3741 3720 γὰρ

2149 3748 2378 3803 τοιαῦτα
2409 3745 2705 3818 δεξαίμεθα
2742 3745 3051 3817 γράμματα
3080 3742 3339 3812 συνεχῶς,
3369 3740 3571 3812 πολλὴν
3603 3758 3740 3811 καρ-

2153 3838 2454 3912 πωσόμεθα
2488 3838 2589 3912 τὴν
2616 3836 2989 3911 παράκλησιν,
3029 3836 3125 3889 καὶ
3175 3835 3348 3888 ταῦτα
3381 3835 3440 3888 ἐν
3478 3832 3741 3905 ἀλλοτρίᾳ

2153 3928 2544 4002 διατρίϐοντες.
2568 3927 2783 3992 Είδότες
2814 3921 2908 3980 οὖν
2946 3925 3112 3997 ἡλίκα
3146 3926 3277 3996 ἡμῖν
3311 3922 3612 3995 χαριεῖσθε,
3645 3922 3743 3975 καὶ

2155 4023 2213 4076 ἐν
2238 4023 2339 4094 ὅση
2371 4023 2746 4093 καταστήσετε
2779 4020 2930 4091 ἡμᾶς
2958 4015 3288 4089 εὐφροσύνῃ,
3326 4015 3400 4088 μὴ
3432 4014 3741 4086 φθονήσητε

2154 4115 2257 4186 τῆς
2298 4112 2569 4185 τοσαύτης
2609 4116 2745 4185 ἡμῖν
2788 4111 3008 4184 ἡδονῆς.
3046 4108 3392 4181 Ὀμιλοῦντες
3427 4105 3539 4178 γὰρ
3588 4104 3741 4176 ὑμῶν

2155 4209 2270 4271 τοῖς
2295 4206 2652 4278 γράμμασιν,
2699 4204 2899 4267 αὐτοὺς
2946 4203 3092 4274 ὑμᾶς
3136 4198 3455 4272 ἡγησόμεθα
3506 4196 3741 4261 ἐνταῦθα

2160 4302 2435 4371 παρεῖναι,
2468 4298 2565 4351 καὶ
2607 4295 2942 4367 τρανοτέραν
2967 4291 3219 4348 ἐντεῦθεν
3244 4302 3266 4332 ο
3296 4289 3395 4362 τῆς
3434 4289 3742 4360 παροῦσίας

2163 4392 2315 4462 ὑμῶν
2346 4387 2630 4461 ληψόμεθα
2660 4388 2760 4460 τὴν
2792 4386 3117 4458 φαντασίαν.
3604 4372 3613 4379 ’

2710 4501 2897 4555 ΣΚΓθ.
2947 4497 3237 4568 Ἦσυχίφ.

2246 4595 2389 4666 Ἐγὼ
2418 4596 2516 4668 μὲν
2544 4592 2856 4663 ἐπεθύμουν
2885 4592 2982 4645 καὶ
3005 4591 3081 4662 μὴ
3110 4589 3330 4662 γράψας
3351 4585 3492 4659 πρὸς
3522 4586 3624 4659 τὴν
3646 4585 3744 4655 σὴν

2162 4688 2462 4762 ἐμμέλειαν
2495 4686 2765 4759 πρότερος
2790 4683 3049 4749 δέξασθαι
3084 4681 3407 4753 ἐπιστολήνο
3438 4678 3604 4733 τοῦτο
3628 4679 3747 4750 ,γὰρ

2168 4783 2407 4856 μάλιστα
2439 4778 2675 4852 ἐραστοῦ
2712 4777 3112 4850 σφοδροτάτουο
3153 4774 3256 4829 οὑκ
3288 4772 3666 4844 ἀνεμείναμεν
3693 4768 3747 4824 δὲ

2164 4877 2327 4948 ἡμεῖς
2354 4874 2425 4929 τὰ
2458 4872 2531 4927 σὰ
2574 4871 2906 4944 γράμματα,
2936 4868 3075 4924 ἀλλά
3115 4867 3374 4939 πρότεροι
3402 4863 3481 4935 τῷ
3517 4865 3746 4935 γράφειν

2167 4966 2621 5037 ἐπεπηδήσαμεν,
2657 4963 2751 5017 τὸν
2795 4962 3003 5035 θερμὸν
3036 4960 3240 5033 ἔρωτα,
3267 4959 3328 5014 δν
3358 4959 3488 5030 περὶ
3518 4958 3623 5028 τὴν
3657 4958 3744 5026 σὴν

2167 5058 2469 5130 ἐμμέλειαν
2493 5055 2713 5128 ἔχομεν,
2742 5056 2846 5108 κάν
2868 5053 3045 5125 τούτῳ
3083 5051 3410 5114 δεικνύντες.
3439 5050 3592 5127 Πλὴν
3621 5046 3748 5103 ἀλλὰ

2170 5148 2267 5203 καὶ
2298 5147 2492 5201 τούτου
2525 5163 2610 5201 σοι
2660 5145 2821 5217 χάριν
2864 5143 3054 5215 ἴσμεν·
3090 5139 3151 5197 εὖ
3178 5141 3291 5212 γὰρ
3320 5135 3416 5194 οἷδ’
3449 5140 3535 5193 ὅτι
3565 5139 3672 5192 οὑκ
3698 5134 3750 5202 ἐξ

2171 5237 2625 5311 ὀλιγωρίας,ἀλλ’
2655 5239 2720 5291 ἐκ
2748 5234 2843 5290 τοῦ
2880 5235 3086 5306 σφόδρα
3118 5231 3453 5304 μετριάζειν,
3478 5228 3645 5283 τοῦτο
3668 5227 3755 5282 πέ-

2171 5332 2396 5395 πονθας.
2433 5330 2660 5384 Δείκνυε
2689 5325 2872 5384 τοίνυν
2898 5326 3087 5381 λοιπὸν
3120 5322 3259 5397 μετά
3278 5320 3464 5385 ἀδείας
3495 5320 3600 5392 τὴν
3630 5318 3752 5390 περὶ

2170 5422 2323 5494 ἡμᾶς
2348 5420 2592 5492 ἀγάπην,
2627 5418 2854 5490 νιφάδας
2883 5417 3018 5489 ἡμῖν
3049 5414 3284 5486 πέμπων
3310 5410 3638 5472 ἐπιστολῶν,
3666 5407 3755 5478 61]-

2173 5514 2372 5579 λούσας
2393 5513 2461 5567 τὰ
2482 5528 2550 5567 πε
2560 5512 2613 5583 ρὶ
2642 5510 2744 5581 τῆς
2771 5508 2963 5579 ὑγείας
2986 5507 3086 5579 τῆς
3115 5506 3237 5577 σῆς.
3270 5505 3375 5560 Ἢν
3398 5501 3507 5575 γάρ
3532 5499 3752 5556 τοιαῦτα

2238 5677 2265 5706 ³
2294 5672 2488 5725 Fabric.
2509 5675 2571 5723 τὰ
2595 5673 2793 5725 πέρατα.

2236 5738 2268 5780 δ
2294 5722 2434 5787 ὒοιιε
2469 5722 2577 5786 00d.
2618 5722 2744 5784 ὁδῶν
2784 5732 3093 5789 διαστήματι,
3134 5728 3266 5778 alter
3286 5727 3411 5777 ὁδῶν
3446 5722 3749 5785 διαστήμασι.

2179 5802 2335 5871 P8919
2359 5803 2471 5871 Ριξξι
2492 5799 2590 5871 άυρ
2606 5809 2725 5845 mss.
2748 5795 2939 5871 αἰρεται
2957 5790 3037 5871 διά

2243 5865 2268 5895 ⁸
2289 5853 2489 5913 Coislin.
2511 5860 2592 5908 καὶ
2617 5853 2943 5922 φανερωτέραν
2965 5853 3187 5902 ἐντεῦθεν.
