3950 6376
256 362 364 419 733

259 477 468 530 siamm
495 467 972 533 constructionem,
1002 465 1295 520 animarum
1325 477 1507 517 curam
1543 478 1555 514 :
1602 473 1778 528 neque
1809 465 1860 510 te

264 568 519 638 supinum
547 573 640 618 aut
661 560 939 618 socordem
964 574 1144 614 rerum
1172 554 1652 612 difficultasfaciat.
1680 551 1863 618 Neque

266 658 413 712 enim
439 657 781 728 gubernator,
811 651 901 707 ubi
935 665 1085 705 mare
1117 651 1287 718 ipsum
1314 645 1572 702 concitari
1601 651 1655 699 et
1682 642 1861 698 furere

266 749 435 814 videt,
464 763 494 802 a
524 746 681 802 navis
709 745 860 800 clavo
891 752 948 800 et
981 741 1356 813 gubernaculis
1391 735 1654 793 discedit:
1688 750 1864 804 neque

270 841 538 908 medicus,
566 839 653 892 ubi
679 852 880 909 aegrum
921 837 1111 890 morbo
1136 834 1331 903 corripi
1365 833 1558 897 cernit,
1588 828 1866 884 curatione

268 935 591 1007 supersedet
625 952 638 988 :
671 933 763 988 sed
789 942 898 988 tum
934 931 1164 984 maxime
1192 938 1411 998 uterque
1440 927 1661 980 istorum
1691 932 1860 977 artem

269 1044 428 1084 suam
454 1027 690 1082 adhibet.
713 1025 794 1080 Tu
819 1039 1054 1095 quoque,
1085 1021 1300 1076 domine
1323 1020 1392 1073 mi
1421 1014 1866 1073 reverendissime

275 1135 343 1174 ac
385 1117 807 1189 religiosissime,
839 1115 1059 1170 multam
1101 1128 1243 1168 nunc
1286 1111 1448 1165 animi
1491 1105 1869 1180 promptitudi-

278 1227 407 1266 nem
437 1210 653 1275 adhibe,
678 1223 851 1278 neque
881 1220 933 1262 te
959 1207 1022 1261 ad
1045 1204 1345 1262 socordiam
1369 1203 1611 1273 redigant
1635 1213 1869 1270 prasen-

277 1304 353 1357 tia
401 1303 541 1356 mala
576 1319 590 1355 :
632 1315 739 1356 non
785 1299 928 1354 enim
962 1298 1029 1353 de
1055 1298 1154 1362 eis,
1184 1312 1303 1366 qua:
1349 1295 1504 1350 nobis
1549 1291 1867 1354 inferuntur,

277 1394 435 1449 malis
485 1393 749 1448 rationem
794 1390 1120 1455 reddemus;
1167 1389 1296 1459 quin
1342 1388 1517 1457 potius
1569 1383 1870 1439 mercedem

275 1484 627 1554 accipiemus.
648 1482 704 1538 Si
730 1497 856 1538 vero
879 1497 963 1544 ea,
995 1498 1114 1552 qua:
1143 1489 1445 1534 nostrarum
1475 1487 1597 1532 sunt
1620 1476 1871 1545 partium,

279 1591 391 1631 non
421 1575 845 1646 praestiterimus,
875 1574 967 1630 sed
1012 1574 1226 1629 desides
1273 1572 1552 1635 fuerimus,
1597 1568 1732 1624 nihil
1775 1580 1875 1621 nos

277 1683 343 1722 ea
373 1667 426 1722 in
452 1683 512 1723 re
533 1666 806 1736 adjuvabit
852 1675 944 1721 aut
972 1665 1226 1721 defendet
1271 1664 1532 1718 malorum
1583 1659 1872 1715 tumultus:

277 1759 716 1830 quandoquidem
747 1766 803 1813 et
850 1758 1042 1812 Paulus
1069 1771 1344 1812 carcerem
1385 1754 1644 1819 incolens,
1675 1751 1727 1805 in
1758 1751 1876 1803 vin-

281 1850 422 1904 culis
448 1848 684 1905 officium
728 1865 883 1905 suum
911 1848 1052 1915 fecit,
1081 1856 1137 1904 et
1163 1848 1328 1903 Jonas
1374 1847 1424 1901 in
1455 1855 1646 1900 ventre
1687 1842 1879 1898 bellua:

281 1940 510 1995 marinae
537 1941 776 1996 inclusus
805 1939 926 2008 fuit,
958 1949 1016 1996 et
1043 1951 1151 1995 tres
1177 1939 1326 2008 pueri
1367 1938 1419 1992 in
1447 1937 1659 1992 camino
1685 1934 1880 1990 versati

283 2041 416 2088 sunt
443 2050 458 2087 :
487 2047 661 2102 neque
686 2041 863 2088 tamen
896 2031 1084 2086 horum
1112 2045 1434 2102 quemquam
1479 2028 1687 2084 vincula
1733 2028 1880 2080 varia

284 2124 357 2180 ad
411 2123 676 2179 desidiam
724 2123 999 2194 redegere.
1034 2122 1158 2178 Haec
1207 2123 1365 2192 igitur
1404 2131 1578 2176 tecum
1605 2129 1878 2188 reputans,

284 2215 507 2270 domine
533 2214 626 2280 mi,
647 2229 714 2268 ne
735 2214 981 2267 omiseris
1003 2212 1312 2272 Phoenicim.
1331 2211 1562 2274 Arabiae,
1577 2220 1631 2264 et
1651 2208 1883 2264 Orientis

288 2307 654 2361 Ecclesiarum
687 2320 869 2360 curam
897 2321 1104 2374 gerere,
1135 2305 1265 2359 illud
1315 2317 1628 2372 persuasum
1655 2301 1881 2367 habens,

289 2398 696 2466 locupletiorem
719 2406 770 2452 te
796 2396 1102 2452 mercedem
1128 2405 1468 2466 recepturum
1496 2409 1636 2458 esse,
1664 2393 1708 2449 si
1735 2403 1813 2449 tot
1830 2402 1886 2448 et

289 2490 454 2544 tantis
479 2488 932 2544 intercedentibus
958 2487 1371 2557 impedimentis,
1390 2503 1509 2558 quae
1537 2496 1744 2541 tuarum
1766 2501 1888 2556 par-

285 2582 424 2636 tium
451 2591 596 2648 sunt,
630 2581 962 2650 praestiteris.
989 2581 1173 2651 Neque
1194 2581 1286 2636 tibi
1307 2595 1470 2650 grave
1495 2579 1563 2634 sit
1591 2579 1883 2634 identidem

284 2672 356 2726 ad
388 2683 486 2726 nos
513 2671 772 2737 scribere,
802 2671 897 2726 sed
918 2680 972 2726 et
995 2671 1350 2726 creberrimas
1377 2670 1557 2724 literas
1587 2669 1732 2724 dato.
1753 2669 1884 2722 Nam

286 2764 446 2818 sicuti
475 2778 616 2818 nunc
652 2765 1022 2834 cognovimus,
1055 2779 1158 2817 non
1206 2764 1538 2829 Sebasteam,
1571 2763 1666 2816 sed
1710 2763 1885 2816 Cucu-

287 2871 412 2911 sum
439 2855 738 2910 exsulatum
770 2857 846 2911 ire
868 2857 1002 2926 jussi
1031 2871 1235 2922 sumus,
1263 2871 1370 2925 quo
1415 2855 1506 2909 tibi
1536 2855 1723 2909 literas
1759 2855 1888 2908 mit-

288 2958 409 3002 tere
437 2946 646 3002 facilius
666 2946 786 3001 erit.
813 2946 999 3002 Scribe
1029 2947 1190 3017 igitur
1219 2945 1394 3013 nobis,
1423 2955 1554 3018 quot
1581 2961 1725 3001 anno
1749 2961 1886 3016 quo-

290 3040 424 3095 libet
447 3048 666 3094 structae
701 3041 809 3094 sint
831 3041 1095 3106 ecclesiar,
1119 3050 1172 3095 et
1198 3041 1289 3111 qui
1320 3041 1417 3095 viri
1449 3043 1619 3096 sancti
1646 3042 1696 3096 in
1725 3041 1889 3096 Plite-

289 3131 490 3187 niciam
529 3134 952 3204 commigrarunt,
994 3143 1048 3187 et
1100 3134 1144 3188 si
1185 3149 1290 3204 qua
1336 3134 1538 3204 majora
1567 3136 1892 3190 accesserint

289 3223 641 3278 incrementa.
662 3223 794 3278 Nam
822 3239 944 3278 cum
971 3224 1244 3279 Nicamum
1262 3225 1546 3294 quemdam
1569 3226 1890 3280 m0nachum

290 3321 560 3376 inclusum
584 3319 662 3392 (a)
695 3322 1039 3391 reperissem,
1064 3322 1112 3376 ei
1143 3330 1199 3374 ut
1224 3320 1292 3375 ad
1321 3322 1572 3390 pietatem
1595 3331 1737 3376 tuam
1767 3322 1889 3388 iret,

289 3423 350 3468 et
385 3414 436 3468 in
473 3415 802 3470 thniciam
833 3414 1282 3483 proficisceretur,
1313 3413 1577 3483 persuasi.
1619 3415 1702 3468 An
1744 3413 1789 3467 is
1825 3411 1892 3467 ad

292 3519 350 3562 te
395 3509 624 3573 venerit,
674 3505 760 3562 fac
803 3505 991 3562 sciam.
1025 3506 1102 3560 De
1129 3505 1420 3571 Salamine,
1451 3505 1592 3575 quod
1639 3505 1892 3574 oppidum

291 3608 380 3654 est
408 3600 461 3654 in
487 3599 666 3670 Cypro
693 3600 876 3662 situm,
906 3609 960 3653 ct
988 3599 1056 3652 ab
1089 3599 1278 3653 lueresi
1308 3597 1770 3652 Marcionistarum
1798 3615 1892 3668 op-

293 3693 564 3761 primitur,
593 3701 810 3748 acturus
827 3707 948 3747 cum
976 3691 1168 3762 quibus
1189 3692 1448 3761 oportuit,
1469 3700 1523 3745 et
1547 3707 1656 3745 rem
1679 3707 1893 3748 omnem

293 3785 523 3837 feliciter
543 3784 884 3839 confecturus
909 3799 1078 3851 eram,
1114 3784 1216 3839 nisi
1245 3783 1449 3853 ejectus
1477 3783 1721 3839 fuissem.
1741 3785 1893 3852 Quod

291 3877 336 3929 si
372 3875 648 3930 dominum
697 3891 874 3930 meum
916 3875 1202 3946 Cyriacum
1239 3876 1549 3945 episcopum
1583 3874 1892 3931 Constanti-

528 3983 648 4022 esse
669 3968 1006 4038 cognoveris,
1036 3967 1210 4022 scribe
1251 3966 1318 4022 ad
1343 3983 1464 4022 eum
1497 3966 1596 4022 hac
1620 3968 1688 4022 de
1711 3983 1892 4035 causa,

291 4070 350 4115 et
380 4061 637 4129 perficere
673 4061 719 4115 is
746 4060 924 4115 omnia
955 4059 1478 4131 poterit.Cohortare
1499 4072 1777 4125 omnes,et
1804 4078 1897 4132 p0-

297 4152 566 4207 tissimum
594 4169 689 4209 eos
727 4155 817 4224 qui
859 4153 1108 4209 fiduciam
1163 4155 1304 4223 apud
1356 4155 1522 4210 Deum
1568 4154 1788 4221 habent,
1840 4165 1897 4209 ut

295 4245 526 4298 tnnltum
557 4255 612 4300 et
644 4246 860 4302 assidue
888 4256 1064 4310 orent,
1103 4255 1158 4300 ut
1189 4261 1426 4316 prresens
1453 4245 1600 4301 orbis
1636 4256 1897 4302 terrarum

296 4337 630 4409 naufragium
675 4340 1038 4410 conquiescat.
1086 4339 1446 4395 lntolerabilia
1498 4341 1642 4395 cnim
1688 4341 1893 4408 Asiam,

237 4433 539 4504 \aliasque
566 4433 729 4488 urbes
757 4444 814 4487 et
843 4432 1116 4488 Ecclesias
1155 4432 1462 4487 invaserunt
1487 4431 1649 4500 mala,
1678 4447 1796 4502 qua:
1825 4432 1896 4486 si-

294 4523 546 4594 gillatim,
579 4539 646 4578 ne
675 4525 934 4580 molestus
959 4539 1080 4579 esse
1104 4523 1312 4589 videar,
1353 4538 1670 4578 enumerare
1712 4538 1900 4592 supcr-

297 4614 499 4670 sedeo:
531 4625 691 4686 atque
716 4630 880 4670 unum
911 4614 1042 4670 illud
1067 4615 1211 4684 dico,
1237 4615 1402 4670 multa
1432 4629 1576 4670 nunc
1601 4625 1655 4671 et
1683 4614 1896 4674 assidua

297 4723 438 4778 opus
462 4723 584 4766 esse
611 4711 939 4780 precatione.
1267 4710 1276 4722 '

300 4839 582 4896 CCXXII.
623 4841 795 4906 Casta,
833 4841 1055 4907 Valerio,
1087 4842 1399 4914 Diophanto,
1426 4843 1658 4915 Cyriaco,
1693 4844 1899 4916 presby-

545 4935 662 4988 teris
702 4935 1040 4989 Antiochenis.
1081 4934 1324 5008 (Cucuso
1353 4951 1494 4992 anno
1524 4936 1684 5006 404.)

374 5069 443 5125 Et
471 5069 614 5141 quod
644 5071 708 5125 ad
740 5086 836 5124 nos
879 5070 1223 5141 scripseritis,
1252 5081 1307 5126 et
1333 5071 1474 5141 quod
1506 5071 1673 5127 literis
1695 5086 1794 5126 nos
1820 5071 1898 5125 Ia-

299 5177 521 5220 cessere
545 5164 841 5240 volueritis,
871 5178 936 5218 ac
969 5165 1150 5219 literas
1176 5181 1206 5218 a
1233 5165 1388 5221 nobis
1419 5165 1897 5235 petere,nodnm-

298 5269 412 5326 que
452 5255 691 5325 epistolae
725 5256 988 5312 excedere
1028 5257 1316 5326 jusseritis,
1361 5258 1415 5312 id
1455 5268 1769 5329 argumento
1800 5259 1898 5313 fuit

298 5360 404 5401 vos
430 5346 764 5402 insaturabili
809 5359 864 5404 et
891 5347 1082 5402 insano
1127 5361 1252 5419 erga
1301 5363 1399 5403 nos
1425 5365 1609 5403 amore
1653 5350 1894 5418 agrare.

366 5504 443 5563 ()
473 5501 684 5567 agonachi
727 5501 925 5561 inclusi,
971 5504 1054 5566 qui
1093 5515 1210 5567 sese
1249 5503 1296 5567 in
1320 5501 1498 5553 cellula
1516 5504 1721 5567 quadam
1745 5504 1898 5552 abde-

299 5562 452 5626 ,
485 5562 776 5626 frequenter
809 5562 1148 5626 memorantur
1191 5566 1240 5614 in
1267 5566 1462 5615 historia
1500 5562 1822 5614 ecclesiastica
1849 5573 1900 5616 et

300 5625 607 5690 ascetica._ln
647 5625 850 5690 epistola
891 5633 1056 5677 autem
1089 5627 1240 5690 prima
1275 5628 1334 5676 ad
1366 5628 1668 5690 Theodorum
1693 5627 1894 5688 lapsum,

301 5693 455 5753 Temo
478 5693 512 5748 1,
535 5686 781 5753 historiam
801 5689 953 5753 habes
974 5686 1194 5753 monachi
1214 5691 1461 5752 cujusdam
1483 5690 1566 5753 qui
1611 5686 1790 5752 lapsus,
1818 5704 1900 5753 po-

299 5749 482 5816 steain
504 5748 676 5820 cellam
697 5763 816 5800 sese
839 5749 1014 5801 includi
1036 5752 1237 5811 curavit,
1265 5748 1316 5803 et
1339 5753 1431 5803 hoc
1449 5748 1638 5814 genere
1659 5748 1770 5802 vitae
1796 5748 1900 5814 plu-

305 5824 450 5862 Imus
464 5823 603 5860 anuis
626 5820 700 5863 est
724 5824 860 5861 usus.

1734 337 2104 396 EPISTOLrE.

3451 337 3552 392 151

1977 454 2152 523 Atque
2189 450 2294 506 hoc
2335 451 2521 516 efticit,
2553 463 2609 507 ut
2653 467 2715 508 ea
2759 453 3010 517 solitudo,
3052 470 3209 524 quam
3257 453 3560 522 incolimus,

1975 542 2206 598 solitudo
2235 543 2455 599 minime
2494 543 2734 598 videatur
2764 564 2777 598 :
2813 544 2914 598 hoc
2943 545 3182 600 diversas
3209 557 3262 601 et
3285 549 3564 604 continuas

1970 636 2298 690 calamitates
2326 636 2550 706 mitigat.
2577 636 2710 704 Quid
2742 636 2884 691 enim
2912 653 3032 692 cum
3065 640 3286 695 caritate
3331 642 3562 696 conferri

1974 729 2189 796 potest?
2214 728 2358 783 Nihil
2385 729 2560 798 Plane.
2606 730 2727 784 llaec
2753 739 2807 784 et
2837 730 3009 795 radix,
3049 741 3104 785 ct
3143 741 3332 797 mater,
3364 743 3419 788 et
3447 734 3567 790 fons

2085 825 2369 890 honorum,
2400 827 2569 880 virtus
2615 827 2836 882 minime
2883 827 3166 890 laboriosa.
3197 830 3366 884 virtus
3413 829 3569 882 volu-

1976 924 2120 984 ptate
2163 916 2380 983 referta,
2412 933 2635 988 quaeque
2673 920 2890 972 multam
2935 921 3018 986 iis,
3059 921 3148 990 qui
3195 921 3362 988 ipsam
3407 934 3568 974 exer-

1972 1018 2116 1072 cent,
2145 1009 2470 1078 voluptatem
2499 1010 2656 1080 parit.
2686 1011 2830 1078 Quas
2859 1011 2929 1066 ob
2953 1027 3040 1065 res
3071 1013 3269 1083 gratias
3298 1013 3446 1066 vobis
3477 1013 3562 1065 in-

1973 1109 2162 1169 gentes
2190 1101 2417 1171 agimus,
2448 1101 2588 1172 quod
2616 1101 2751 1158 adeo
2787 1103 3050 1158 sinceram
3094 1119 3214 1174 erga
3258 1119 3358 1159 nos
3407 1105 3572 1158 bene-

1978 1193 2267 1248 volentiam
2329 1194 2778 1249 conservaveritis
2823 1211 2838 1248 :
2892 1209 2990 1250 nos
3053 1210 3184 1250 vero
3249 1196 3573 1264 ubicumque

1977 1287 2213 1356 gentium
2249 1287 2526 1353 fuerimus,
2557 1287 2681 1342 licet
2703 1288 2770 1342 ad
2798 1288 2944 1359 ipsos
2971 1289 3119 1344 orhis
3150 1299 3408 1344 terrarum
3439 1291 3574 1344 lines

1977 1377 2301 1444 deferamur,
2335 1379 2462 1432 licet
2490 1377 2556 1432 ad
2606 1379 2783 1434 locum
2832 1379 2937 1435 hoc
2983 1380 3153 1435 multo
3199 1381 3572 1444 desertiorem,

1981 1483 2076 1524 vos
2119 1479 2299 1524 mente
2345 1469 2784 1526 circumferentes
2821 1471 3107 1536 abibimus,
3149 1472 3442 1543 insculptos
3483 1489 3576 1528 vos

1984 1561 2162 1615 animo
2191 1571 2245 1614 et
2276 1561 2474 1616 incisos
2504 1572 2720 1632 pectore
2760 1574 2944 1618 nostro
2963 1574 3255 1634 gestantes,
3289 1583 3462 1636 neque
3488 1567 3577 1621 iti-

1984 1651 2126 1706 neris
2152 1651 2533 1722 longinquitas,
2554 1668 2728 1722 neque
2755 1655 3017 1724 temporis
3047 1655 3389 1724 diuturnitas,
3409 1674 3581 1729 neque

1985 1745 2135 1800 turba
2161 1747 2527 1802 calamitatum
2553 1749 2965 1818 negligentiores
2991 1765 3116 1820 erga
3143 1752 3459 1807 suavitatem
3490 1768 3583 1808 ve-

1983 1849 2148 1892 stram
2192 1852 2291 1891 nos
2317 1837 2570 1902 reddidit,
2601 1839 2696 1894 sed
2725 1839 2877 1910 quasi
2918 1856 3024 1896 non
3055 1843 3126 1895 ita
3169 1842 3374 1911 pridem
3404 1843 3580 1899 vobis-

1985 1946 2106 1985 cum
2135 1931 2331 1986 versati
2359 1929 2639 1998 fuerimus,
2667 1933 2774 1986 imo
2803 1947 2932 1988 vero
2965 1933 3117 2003 quasi
3155 1933 3430 1988 vobiscum
3462 1950 3584 2003 per-

1985 2034 2148 2096 petuo
2171 2042 2468 2094 versemur,
2498 2035 2558 2081 ut
2584 2041 2644 2081 re
2666 2041 2792 2082 vera
2827 2041 3125 2093 versamur,
3163 2027 3233 2081 ita
3275 2042 3370 2082 vos
3405 2029 3582 2082 cerni-

1988 2134 2142 2186 mus,
2201 2127 2257 2173 et
2302 2119 2540 2174 caritatis
2589 2119 2758 2174 oculis
2807 2119 3255 2188 contemplamur.
3307 2119 3588 2189 Ejusmodi

1987 2212 2134 2266 enim
2156 2219 2238 2266 est
2265 2211 2496 2267 amicitia
2522 2230 2535 2264 :
2562 2227 2666 2265 non
2699 2211 2948 2266 itinerum
2978 2212 3262 2267 intervallo
3289 2211 3577 2277 dirimitur,

1993 2319 2099 2357 non
2128 2302 2286 2373 longo
2311 2303 2521 2357 dierum
2550 2303 2722 2372 spatio
2747 2303 3074 2369 debilitatur,
3103 2319 3207 2357 non
3235 2303 3584 2359 afflictionum

1993 2399 2144 2454 turba
2173 2407 2474 2468 superatur,
2513 2398 2608 2452 sed
2659 2399 2710 2453 in
2750 2400 2914 2452 altum
2969 2407 3226 2468 perpetuo
3271 2399 3490 2463 tollitur,
3523 2409 3580 2453 et

1991 2491 2219 2546 flamma:
2239 2505 2455 2545 cursum
2486 2489 2742 2544 imitatur.
2771 2489 2947 2560 Atque
2977 2491 3080 2545 hoc
3119 2505 3214 2546 vos
3239 2505 3348 2560 prae
3374 2491 3588 2546 caeteris

1991 2583 2240 2638 erunibus
2284 2582 2475 2650 nostis,
2530 2581 2652 2652 quia
2703 2596 2814 2652 pra:
2865 2581 3075 2636 cmteris
3123 2582 3373 2638 omnibus
3426 2583 3587 2637 etiam

1991 2689 2174 2730 amare
2201 2672 2388 2729 scitis:
2415 2673 2663 2743 quocirca
2710 2688 2807 2728 vos
2850 2687 3064 2743 quoque
3109 2673 3295 2729 beatos
3338 2673 3586 2729 dicimus.

1993 2763 2140 2818 Licet
2165 2763 2311 2818 enim
2358 2763 2690 2818 miserabiles
2718 2763 2888 2818 simus
2927 2780 2990 2818 ac
3017 2763 3278 2833 deSpecti,
3305 2774 3362 2818 at
3405 2773 3594 2834 potens

1993 2863 2075 2909 est
2094 2854 2252 2918 Deus,
2275 2863 2330 2909 et
2354 2853 2550 2908 sufficit
2575 2854 2640 2908 ad
2662 2855 3089 2910 constituendam
3113 2856 3264 2911 vobis
3287 2857 3598 2913 mercedem.

1993 2947 2095 3002 hac
2118 2948 2344 3002 caritate
2369 2946 2651 3016 majorem,
2683 2961 2747 3002 ac
2770 2946 2940 3001 multo
2968 2948 3269 3003 uberiorem
3301 2966 3314 3002 :
3347 2963 3469 3002 nam
3498 2963 3592 3003 eo-

1993 3054 2113 3092 rum
2137 3038 2386 3092 meritum
2407 3039 2497 3108 qui
2523 3037 2724 3106 aliquid
2751 3037 2876 3092 boni
2905 3039 3112 3108 egerint
3135 3038 3456 3102 dixerintve.
3474 3040 3599 3094 suis-

1996 3130 2232 3200 prtemiis
2261 3129 2420 3199 longe
2460 3143 2719 3199 superare
2764 3129 2924 3184 solet.
2954 3130 3021 3184 Et
3060 3139 3304 3200 optarem
3347 3131 3600 3201 equidem

1996 3221 2128 3292 ipsis
2155 3222 2324 3276 oculis
2350 3235 2446 3276 vos
2488 3231 2782 3290 prznscntes
2821 3237 3067 3288 cernere,
3094 3231 3150 3277 et
3186 3237 3476 3300 congressu
3507 3239 3598 3278 ve-

1996 3323 2109 3367 stro
2134 3322 2533 3384 conspectuque
2569 3313 2692 3381 frui,
2736 3323 2896 3384 atque
2933 3314 3036 3369 hoc
3064 3322 3219 3384 pacto
3251 3324 3429 3370 vestra
3458 3315 3597 3369 cari-

1998 3412 2108 3458 tate
2145 3405 2405 3458 oblectari
2437 3422 2450 3458 :
2484 3405 2698 3474 quando
2745 3413 2924 3459 autem
2967 3405 3021 3460 id
3060 3420 3168 3460 non
3208 3405 3349 3470 licet,
3390 3421 3494 3460 non
3530 3406 3602 3460 oh

1999 3494 2261 3564 pigritiam
2287 3495 2517 3565 aliquam
2557 3503 2613 3550 et
2655 3496 3056 3567 negligentiam,
3099 3497 3191 3550 sed
3236 3497 3381 3567 quod
3423 3499 3596 3552 exsilii

2001 3585 2322 3639 necessitate
2367 3585 2800 3655 praepediamur:
2850 3586 3014 3640 nolite
3055 3587 3242 3640 saltem
3286 3602 3384 3663 nos
3431 3588 3600 3642 altera
3658 3641 3663 3658 ,

1999 3675 2337 3745 navigatione
2372 3675 2602 3744 privare,
2648 3676 2743 3731 sed
2777 3679 3045 3746 ingentem
3091 3677 3298 3746 copiam
3342 3679 3600 3747 epistola-

1999 3785 2115 3824 rum
2141 3768 2208 3824 ad
2239 3783 2337 3823 nos
2361 3769 2576 3834 mittite,
2608 3785 2728 3840 quae
2777 3769 2844 3824 de
2871 3779 3047 3824 vestra
3101 3785 3200 3825 nos
3229 3770 3423 3825 faciant
3454 3772 3598 3826 vale-

2001 3861 2182 3917 tudine
2203 3864 2483 3916 certiores.
2513 3861 2647 3916 Nam
2684 3862 2728 3917 si
2769 3862 3032 3933 ejusmodi
3072 3862 3253 3918 literas
3289 3862 3598 3933 frequenter

1999 3952 2392 4022 acceperimus,
2443 3954 2666 4008 multam
2731 3955 3153 4009 consolationem
3205 3956 3596 4025 percipiemus,

2000 4047 2340 4118 quantumvis
2369 4047 2654 4118 longinqua
2685 4056 2740 4102 et
2769 4057 2952 4103 extera
2983 4049 3036 4102 in
3073 4047 3291 4118 regione
3316 4047 3596 4119 degamus.

2001 4139 2133 4193 Cum
2162 4139 2319 4209 igitur
2343 4138 2496 4193 vobis
2535 4138 2871 4208 exploratum
2915 4139 3004 4203 sit,
3028 4147 3227 4209 quanto
3269 4154 3370 4194 nos
3408 4139 3598 4194 devin-

2001 4231 2138 4285 cturi
2165 4231 2282 4285 sitis
2321 4229 2599 4294 beneficio,
2634 4238 2938 4300 quantaque
2968 4230 3148 4284 hctitia
3181 4229 3465 4300 perfusuri,
3496 4246 3598 4285 no-

2002 4325 2093 4379 lite
2123 4323 2262 4380 hanc
2301 4325 2455 4380 nobis
2483 4325 2808 4394 voluptatem
2851 4324 3110 4379 invidere.
3157 4325 3292 4379 Dum
3335 4325 3476 4380 enim
3504 4341 3600 4378 vo-

2003 4416 2207 4472 biscum
2241 4433 2336 4488 per
2357 4418 2537 4472 literas
2563 4417 2956 4487 colloquemur,
2986 4432 3082 4470 vos
3111 4417 3257 4487 ipsos
3285 4416 3371 4472 hic
3407 4416 3600 4471 adesse

2002 4507 2401 4574 arbitrabimur,
2435 4517 2489 4563 et
2517 4508 2815 4562 evidentius
2847 4517 3114 4577 tamquam
3141 4508 3212 4563 ob
3239 4509 3422 4562 oculos
3453 4509 3596 4578 posi-

2006 4606 2093 4655 tos
2122 4601 2418 4671 poterimus
2445 4600 2625 4654 animo
2653 4600 3026 4670 contemplari.

2179 4732 2490 4791 CCXXIII.
2524 4732 2795 4803 Hesychia.
2829 4729 3058 4802 (Cucuso
3095 4695 3252 4787 anno"
3273 4730 3425 4798 404.)

2074 4871 2362 4942 Cupiebam
2390 4870 2638 4941 equidem
2658 4911 2671 4935 ,
2705 4878 2987 4939 antequam
3019 4867 3085 4922 ad
3107 4868 3422 4922 suavitatem
3456 4879 3600 4922 tuam

2004 4964 2364 5035 scripsissem,
2409 4963 2592 5018 literas
2620 4961 2688 5016 ab
2721 4977 2782 5016 ea
2813 4961 2960 5031 prior
3000 4960 3243 5029 accipere
3272 4978 3284 5013 :
3313 4960 3415 5013 hoc
3455 4961 3600 5016 enim

2004 5058 2459 5114 vehementissimi
2505 5055 2704 5110 amoris
2754 5062 2837 5109 est
2886 5052 3158 5124 proprium
3194 5072 3207 5108 :
3237 5063 3610 5108 verumtamen

2005 5153 2188 5208 literas
2219 5161 2333 5206 tuas
2360 5166 2463 5204 non
2489 5148 2934 5220 exspectavimus,
2961 5145 3055 5202 sed
3082 5147 3286 5217 priores
3310 5146 3375 5202 ad
3400 5157 3450 5202 te
3471 5147 3605 5202 scri-

2007 5246 2230 5314 psimus,
2259 5254 2317 5297 ut
2356 5242 2410 5296 in
2451 5241 2550 5295 hoc
2574 5240 2762 5294 saltem
2805 5237 3044 5293 ardentis
3074 5239 3274 5292 amoris
3300 5253 3425 5307 erga
3457 5246 3600 5291 tuam

2006 5338 2320 5393 suavitatem
2348 5336 2513 5390 nostri
2542 5335 2813 5404 specimen
2833 5331 3136 5388 ederemus.
3165 5331 3268 5386 Sed
3290 5331 3391 5385 hoc
3421 5338 3599 5384 tamen

2008 5433 2226 5487 nomine
2254 5431 2346 5485 tibi
2393 5431 2620 5501 gratiam
2653 5427 2934 5493 habemus,
2967 5436 3024 5482 ut
3060 5427 3150 5496 qui
3180 5426 3344 5495 probe
3372 5425 3606 5479 sciamus

2007 5539 2113 5579 non
2141 5539 2206 5577 ex
2237 5529 2566 5590 contemptu,
2599 5519 2692 5574 sed
2723 5535 2830 5588 prae
2869 5519 3032 5573 nimia
3059 5517 3353 5572 humilitate
3384 5515 3474 5570 tibi
3503 5516 3608 5570 hoc

2005 5618 2314 5687 contigisse.
2346 5613 2618 5669 Audacter
2642 5612 2802 5682 igitur
2826 5611 2968 5664 hunc
2997 5619 3141 5664 tuum
3166 5609 3215 5662 iu
3245 5622 3341 5661 nus
3365 5622 3604 5662 amorem

2005 5708 2249 5773 ostende,
2281 5723 2343 5763 ac
2370 5707 2570 5774 literas,
2599 5706 2791 5775 quibus
2810 5705 2876 5760 de
2908 5713 2992 5758 tua
3025 5702 3326 5758 valetudine
3343 5702 3606 5758 certiores

2014 5804 2220 5869 liatnus,
2252 5801 2316 5856 ad
2365 5816 2461 5856 nos
2489 5798 2839 5855 creberrimas
2867 5799 3034 5852 mitte.
3073 5794 3128 5850 Si
3159 5794 3298 5850 enim
3343 5793 3609 5865 ejusmodi
