3950 6378
434 333 538 389 735

415 445 626 510 literas
665 438 1054 508 acceperimus,
1105 437 1227 492 licet
1269 438 1338 492 ad
1385 437 1532 506 ipsos
1573 433 1720 490 orbis
1770 443 2031 488 terrarum

1184 325 1242 382 S.
1283 322 1566 382 JOANNIS
1603 317 2088 377 CIIRYSOSTOMI
2130 319 2454 376 ARCHIEP.
2492 320 3036 382 CONSTANTINOP.

3628 329 3744 384 7‘6

2142 435 2415 492 suffecisse
2457 436 2603 493 illam
2644 443 3062 509 excusationem,
3092 457 3213 514 qua:
3256 447 3370 496 tum
3415 451 3749 518 suggereba-

437 537 569 590 tines
609 530 878 587 amandati
909 529 1096 596 simus,
1129 528 1250 583 licet
1298 526 1365 582 ad
1400 529 1575 582 locum
1621 525 1726 580 isto
1767 523 2034 580 desertio-
2062 551 2105 609 ε
2140 534 2248 594 tur,
2282 541 2383 583 vos
2411 543 2553 584 nunc
2573 529 2875 597 indicastis,
2897 547 3018 586 cum
3041 533 3277 590 nondum
3307 541 3544 609 acceptis
3566 541 3746 597 literis

434 641 566 690 rem,
609 623 780 678 multo
822 620 1015 676 solatio
1055 619 1268 674 tmdium
1309 628 1551 672 nostrum
1580 624 1772 670 vestra:
1797 612 2036 668 caritatis

429 714 666 770 officium
693 711 968 782 mitigabit.
1001 710 1143 764 Nihil
1169 709 1313 764 enim
1345 709 1415 763 ita
1464 714 1640 777 potest
1663 705 1900 760 animum
1927 701 2034 758 eri-

427 823 585 876 gere,
633 805 906 874 multaque
958 803 1234 872 voluptate
1282 800 1640 872 perfundere,
1689 813 1753 853 ac
1800 798 1845 852 si
1889 803 2035 852 amet

424 906 738 965 ameturque
779 895 1008 950 sincere.
1041 895 1218 962 Atque
1265 894 1366 948 hoc
1415 902 1472 947 tu
1515 890 1754 947 omnium
1801 888 2032 944 maxime

424 989 583 1054 nosti,
639 987 1074 1059 quandoquidem
1129 995 1187 1041 tu
1245 999 1459 1057 quoque
1508 983 1750 1040 omnium
1800 981 2030 1036 maxime

425 1098 608 1138 amare
634 1082 797 1138 nosti.

422 1195 638 1252 (.‘CXXI
656 1195 720 1249 V.
750 1195 1020 1250 Marciano
1040 1203 1088 1249 et
1111 1193 1433 1278 Marcellino.
1467 1191 1698 1263 (Cucuso
1715 1206 1857 1246 anno
1876 1175 2026 1263 404:)

491 1305 757 1374 Quidnam
775 1320 953 1360 causa:
969 1313 1072 1369 est,
1099 1303 1471 1375 quamobrem,
1490 1318 1609 1358 cum
1631 1311 1906 1371 tantopere
1929 1317 2028 1358 nos

409 1397 617 1454 ametis
643 1397 841 1469 (neque
866 1397 1010 1453 enim
1045 1405 1192 1450 tanto
1221 1395 1346 1450 licet
1371 1410 1401 1448 a
1429 1394 1582 1448 vobis
1608 1395 1885 1448 intervallo
1913 1394 2026 1449 dis-

419 1490 632 1557 junctos
653 1489 783 1545 latet
813 1503 913 1544 nos
941 1503 1094 1542 amor
1136 1495 1331 1552 vester,
1369 1485 1508 1555 quod
1553 1494 1607 1541 et
1637 1485 1928 1542 vehemens
1956 1487 2026 1542 sit

407 1590 476 1636 'ct
518 1581 923 1650 inﬂammatus),
957 1581 1117 1635 silere
1165 1580 1444 1649 potuistis,
1477 1594 1540 1634 ac
1579 1594 1648 1634 ne
1690 1580 1856 1636 semel
1906 1581 2028 1650 qui~

419 1673 540 1731 dem
553 1673 738 1729 literas
755 1673 818 1728 ad
841 1687 939 1726 nos
951 1671 1294 1739 dedistis,sed
1314 1686 1424 1726 rem
1445 1671 1599 1725 istam
1614 1671 1842 1726 similem
1862 1673 2025 1743 :rnig-

404 1765 552 1819 -mati
587 1764 897 1820 reddidistis
917 1765 945 1818 ?
965 1763 1152 1833 Neque
1187 1762 1326 1818 enim
1367 1763 1600 1833 legitima
1627 1763 1725 1817 fuit
1745 1763 1833 1818 illa
1861 1779 2026 1820 excu-

419 1856 578 1924 satio,
607 1871 764 1927 quam
807 1855 861 1911 in
887 1856 1111 1926 epistola
1140 1854 1206 1910 ad
1252 1855 1709 1926 religiosissimum
1740 1855 2022 1928 presbyte-

405 1962 540 2001 rum
581 1946 954 2002 Constantium
1009 1947 1173 2001 missa
1224 1946 1589 2014 expressistis.
1639 1944 2020 2002 Verumtamen

410 2039 578 2094 nolim
591 2035 715 2094 'htec
743 2049 930 2095 exacte
963 2038 1282 2108 disquirere.
1315 2037 1395 2093 Sit
1423 2039 1492 2092 ita
1521 2053 1672 2106 sane,
1699 2047 1860 2109 atque
1881 2043 2020 2097 hanc

417 2128 580 2184 fuisse
607 2144 822 2184 causam
851 2128 1047 2184 silentii
1078 2128 1269 2183 demus
1302 2144 1316 2182 :
1349 2143 1476 2183 ecce
1502 2136 1556 2183 et
1596 2128 1711 2184 haec
1741 2129 1852 2198 ipsa
1880 2145 2022 2187 nunc

421 2221 578 2277 vobis
621 2221 866 2292 eripitur,
897 2230 949 2276 et
978 2220 1149 2275 literis
1191 2219 1392 2274 nostris
1435 2235 1532 2274 vos
1575 2220 1892 2276 lacessimus
1914 2263 1930 2289 ,
1959 2237 2021 2278 ac

416 2312 578 2367 simul
608 2313 808 2383 gratias
848 2312 1056 2382 agimus
1101 2310 1172 2365 ob
1216 2311 1481 2365 sinceram
1529 2310 1668 2364 hanc
1694 2312 1973 2366 caritatem
2001 2355 2016 2380 ,

413 2418 577 2474 quam
615 2417 742 2473 erga
769 2416 868 2457 nos
898 2403 968 2456 ita
995 2401 1276 2456 ﬂorentem
1304 2401 1654 2466 conservatis,
1679 2416 1742 2455 ac
1766 2402 2016 2471 petimus,

419 2506 476 2550 ut
501 2496 942 2567 quotiescumque
968 2494 1170 2559 licebit,
1195 2495 1414 2549 crebras
1433 2493 1498 2549 ad
1527 2509 1625 2548 nos
1650 2493 1831 2548 literas
1855 2496 2013 2550 detis.

416 2587 532 2642 Non
578 2587 720 2641 enim
762 2586 946 2640 dubito
975 2585 1101 2656 quin
1135 2583 1242 2640 huc
1280 2584 1504 2654 impigre
1547 2583 1799 2640 advolare
1851 2586 2018 2654 parati

407 2676 679 2744 fuissetis,
723 2677 823 2731 nisi
851 2691 913 2730 ea
962 2692 1081 2747 qum
1127 2676 1592 2732 commemorastis
1636 2675 2016 2746 impedimenta

416 2767 892 2832 intercessissent;
922 2767 1031 2822 imo
1079 2783 1204 2821 vero
1247 2767 1426 2820 animo
1469 2765 1580 2838 jam
1633 2779 1696 2820 ac
1747 2767 2019 2823 voluntate

416 2859 728 2916 advolastis.
758 2858 865 2914 Sed
893 2859 1142 2929 quoniam
1191 2857 1244 2912 id
1272 2857 1445 2927 reipsa
1478 2857 1590 2912 fieri
1623 2857 1881 2926 tantisper
1912 2873 2016 2914 non

415 2959 611 3020 potest,
644 2951 916 3004 literarum
963 2949 1154 3005 saltem
1205 2949 1396 3004 solatio
1440 2958 1682 3006 nostrum
1728 2963 2018 3004 manerem

414 3043 598 3110 lenite,
632 3057 695 3098 ac
732 3042 800 3098 de
828 3051 1008 3098 vestra
1039 3042 1310 3112 totiusque
1348 3051 1541 3096 vestrae
1579 3040 1773 3096 domus
1814 3042 2020 3096 valetu-

400 3138 539 3192 dine
565 3151 666 3192 nos
697 3135 856 3190 facile
884 3135 1166 3190 certiores.
1199 3135 1254 3189 Si
1285 3135 1426 3189 enim
1459 3133 1721 3204 ejusmodi
1755 3135 1922 3188 literae
1951 3134 2017 3190 ad

396 3245 511 3286 nos
535 3245 565 3284 a
593 3229 747 3284 vobis
789 3229 967 3283 missae
1015 3228 1230 3292 fuerint,
1261 3229 1503 3297 quamvis
1534 3228 1584 3280 in
1632 3227 1889 3295 aspcriori
1921 3227 2017 3282 de-

401 3336 598 3393 gamus
639 3320 946 3386 solitudine,
992 3335 1151 3390 quam
1200 3320 1270 3374 sit
1315 3321 1434 3386 ista,
1483 3321 1704 3374 multam
1753 3335 1819 3375 ex
1848 3320 2016 3375 literis

397 3414 605 3470 ivestris
627 3412 1049 3468 consolationem
1089 3411 1381 3482 capiemus.

443 3525 708 3586 CCXXV.
738 3525 1035 3582 Constantio
1063 3523 1370 3597 presbytero.
1397 3522 1627 3595 (Cucuso
1656 3538 1798 3578 anno
1825 3525 1977 3594 401.)

480 3643 702 3701 Miratus
731 3656 850 3697 sum
875 3654 974 3695 cur
1000 3649 1057 3694 tu
1085 3639 1175 3710 qui
1208 3647 1313 3693 tam
1345 3638 1694 3694 vehementer
1720 3653 1819 3694 nos
1844 3655 2012 3705 antas,

409 3737 604 3806 quique
631 3734 763 3788 nihil
809 3747 916 3788 non
945 3746 1126 3801 agerc,
1157 3731 1358 3796 dicere,
1388 3745 1451 3784 ac
1480 3729 1585 3799 pali
1631 3738 1810 3785 nostra
1855 3744 2018 3786 causa

410 3838 628 3900 paratus
653 3842 712 3882 es
735 3827 933 3897 (neque
957 3823 1100 3880 enim
1147 3838 1244 3878 nos
1274 3822 1427 3891 fugit,
1459 3837 1635 3893 neque
1661 3823 1775 3878 fieri
1815 3831 2012 3892 potest,

411 3928 468 3972 ut
492 3918 704 3973 sincere
748 3923 1018 3973 amantem
1062 3913 1115 3970 id
1147 3913 1357 3986 fugiat),
1387 3928 1457 3969 ne
1496 3913 1665 3969 semel
1704 3914 1918 3983 quidem
1947 3913 2012 3968 ad

412 4027 513 4069 nos
562 4011 852 4074 scriberes,
903 4008 1064 4080 idque
1107 4023 1227 4063 cum
1277 4022 1376 4064 nos
1421 4007 1560 4061 haud
1603 4006 1760 4076 longe
1788 4021 1817 4059 a
1861 4005 2014 4060 vobis

411 4104 836 4170 advenissemus,
865 4110 920 4156 et
943 4100 1075 4156 mihi
1099 4099 1387 4170 plurimum
1416 4097 1674 4154 colendus
1701 4108 1756 4153 et
1781 4098 2014 4154 clarissi-

410 4211 530 4254 inus
558 4194 723 4249 frater
760 4192 1014 4249 Libauius
1053 4191 1120 4246 ad
1159 4205 1260 4250 nos
1286 4197 1551 4261 pergeret.
1584 4189 1710 4244 llazc
1733 4205 1763 4242 a
1790 4204 1874 4243 me
1904 4205 2011 4243 non

408 4302 473 4341 eo
503 4287 729 4342 consilio
777 4285 1048 4351 dicuntur,
1080 4291 1138 4337 ut
1163 4298 1258 4337 vos
1305 4297 1551 4337 accusem
1571 4322 1585 4346 ,
1615 4281 1709 4335 sed
1741 4290 1799 4334 ut
1837 4280 2010 4335 dolori

410 4395 532 4437 meo
560 4377 904 4434 satisfaciam.
936 4375 1068 4430 Nam
1111 4373 1364 4446 quoniam
1396 4387 1588 4442 magno
1616 4371 1810 4429 all'ectu
1837 4371 2008 4441 pieta-

411 4480 519 4528 tem
566 4475 802 4524 vestram
854 4479 1168 4539 prosequor,
1199 4479 1303 4517 non
1347 4462 1507 4522 aliam
1551 4463 1620 4516 ob
1647 4476 1886 4524 causam,
1915 4461 2009 4516 sed

408 4561 660 4632 quoniam
687 4561 833 4614 omni
863 4559 1042 4613 studio
1070 4555 1138 4611 de
1169 4557 1362 4610 anima:
1401 4565 1507 4609 tuae
1549 4555 1720 4614 salute
1750 4553 2008 4611 sollicitus

410 4669 474 4708 es
495 4695 511 4720 ,
543 4662 600 4707 ct
618 4652 685 4706 iis
711 4652 799 4722 qui
832 4648 1237 4705 necessitatibus
1261 4656 1573 4716 premuntur
1598 4661 1936 4701 communem
1963 4657 2013 4699 te

412 4753 625 4813 portum
667 4741 868 4810 offers,
915 4741 1041 4796 dum
1095 4739 1278 4810 egenis
1323 4739 1610 4805 succurris,
1658 4738 1784 4793 dum
1837 4737 2013 4793 viduis

410 4833 697 4899 subvenis,
743 4833 869 4890 dum
913 4841 1181 4887 sustentas
1220 4830 1528 4899 orphanos,
1570 4839 1626 4884 et
1668 4844 2012 4887 communem

409 4927 659 4983 omnibus
683 4934 739 4980 te
780 4936 1055 4996 parentem
1103 4923 1331 4994 prmbes,
1365 4923 1464 4978 hac
1493 4922 1561 4978 de
1587 4937 1746 4977 causa
1775 4939 1897 4977 cum
1930 4923 2013 4977 in-

412 5019 558 5091 genti
584 5032 767 5072 amore
810 5018 883 5071 tui
929 5017 1150 5082 afliciar,
1185 5016 1370 5073 literas
1399 5016 1561 5069 etiam
1603 5015 1843 5085 recipere
1869 5031 1898 5068 a
1921 5025 2010 5070 tua

413 5111 610 5182 pietate
637 5108 903 5164 desidero.
928 5108 1078 5167 Hanc
1107 5107 1268 5178 igitur
1310 5107 1465 5164 nobis
1491 5106 1728 5162 concede
1763 5107 2009 5178 gratiam,

410 5222 472 5263 ac
517 5203 838 5260 desiderium
886 5211 1127 5257 nostrum
1174 5203 1350 5273 exple.
1397 5201 1515 5257 Non
1564 5200 1708 5255 enim
1752 5200 2012 5255 mediocri

415 5298 608 5354 solatio
652 5294 988 5360 levabimur,
1033 5294 1159 5350 licet
1205 5294 1259 5349 in
1303 5293 1590 5349 solitudine
1625 5291 1922 5361 constituti,
1967 5292 2012 5346 si

414 5386 766 5445 amantissimi
795 5384 957 5440 animi
987 5385 1061 5439 tui
1087 5399 1384 5454 manusque
1415 5385 1598 5440 literas
1623 5385 2011 5452 acceperimus,

408 5498 529 5554 quae
559 5497 658 5537 nos
697 5480 766 5535 de
795 5488 883 5534 tua
914 5475 1182 5549 totiusque
1216 5475 1406 5532 domus
1446 5485 1550 5536 tua:
1598 5476 1901 5534 valetudine
1935 5474 2012 5535 fa--

411 5575 552 5628 ciant
579 5573 856 5628 certiores.

411 5683 541 5739 CCX
547 5684 596 5738 Χ
613 5684 704 5738 VI.
737 5684 789 5738 Μ
797 5685 1002 5738 arciano
1029 5691 1074 5738 et
1096 5681 1415 5738 Marcellino.
1438 5681 1669 5752 (Cucuso
1696 5697 1835 5736 anno
1857 5681 2007 5752 404.)

483 5798 645 5853 Nobis
674 5800 894 5864 aenigma
943 5797 1199 5854 solvistis.
1231 5795 1346 5852 Non
1377 5795 1518 5852 enim
1551 5793 1613 5849 ad
1649 5792 2013 5848 deli-nsumem

2140 620 2341 676 nostris
2365 636 2464 677 nos
2509 621 2856 680 lacessendos
2900 628 3147 696 putastis.
3175 627 3252 684 Ea
3277 631 3476 702 quippe
3496 634 3746 690 caritatis

2139 719 2222 767 est
2261 721 2474 780 natura,
2504 723 2562 769 ut
2597 715 2758 770 silere
2797 717 3018 773 minime
3061 720 3248 788 possit,
3279 737 3464 777 verum
3490 725 3749 794 quamvis

2139 804 2434 875 periculum
2483 807 2555 862 sit
2601 823 2668 862 ne
2710 818 2992 865 accusetur
3042 811 3316 880 audacim,
3363 830 3586 872 munere
3639 831 3750 871 suo

2139 896 2398 968 fungitur.
2427 897 2535 954 Nos
2560 915 2688 955 vero
2718 909 2921 956 tantum
2953 901 3122 968 abest,
3152 912 3212 959 ut
3235 904 3376 961 diem
3405 907 3554 962 vobis
3581 907 3747 964 dica-

2137 1005 2278 1054 mus,
2304 991 2446 1062 quod
2485 992 2552 1046 ad
2581 1007 2682 1048 nos
2726 994 2933 1064 priores
2976 997 3317 1066 scripseritis,
3349 1009 3407 1055 ut
3447 1001 3606 1056 etiam
3645 1017 3749 1057 vos

2136 1084 2237 1140 hac
2265 1085 2333 1142 de
2374 1102 2535 1142 causa
2580 1103 2780 1145 corona
2826 1089 3120 1156 donemus,
3166 1107 3231 1147 ac
3273 1095 3656 1163 praedicemus,
3692 1108 3750 1152 et

2134 1183 2328 1236 sinceri
2356 1182 2556 1238 amoris
2581 1187 2747 1240 vestri
2791 1185 3082 1254 periculum
3114 1203 3255 1243 nunc
3281 1189 3509 1244 maxime
3537 1189 3747 1246 feceri-

2135 1290 2273 1337 mus,
2307 1291 2412 1330 non
2444 1278 2616 1332 solum
2666 1277 2809 1346 quod
2859 1278 3200 1348 scripseritis,
3246 1280 3340 1336 sed
3381 1282 3537 1336 etiam
3581 1284 3744 1353 quod

2133 1366 2337 1435 priores
2385 1368 2728 1436 scripseritis.
2796 1369 2942 1424 Deus
2989 1381 3168 1425 autem
3220 1386 3318 1426 vos
3361 1376 3502 1428 omni
3547 1385 3747 1444 potest

2131 1457 2446 1528 aegritudine
2490 1459 2737 1527 liberare,
2770 1476 2969 1531 vosque
3011 1462 3252 1532 pristinae
3277 1465 3554 1521 restituere
3577 1468 3748 1521 sani-

2133 1550 2249 1616 tati,
2279 1566 2342 1604 ac
2371 1550 2678 1606 facultatem
2727 1553 2904 1624 largiri
2948 1555 3248 1610 communis
3292 1555 3430 1610 inter
3453 1571 3551 1612 nos
3589 1573 3747 1614 cono

2128 1655 2363 1708 gressus,
2393 1651 2448 1696 et
2475 1642 2528 1696 in
2558 1653 2904 1715 conspectum
2941 1653 3183 1700 mutuum
3228 1646 3472 1702 veniendi
3507 1665 3522 1700 :
3551 1649 3748 1719 siqui-

2111 1733 2249 1788 dem
2282 1751 2390 1790 non
2431 1735 2636 1808 vulgari
2662 1738 2854 1793 solatio
2901 1739 3282 1806 recreabimur,
3313 1740 3357 1795 si
3399 1739 3466 1794 ab
3502 1739 3745 1799 homine

2128 1824 2263 1882 adeo
2286 1841 2552 1896 generoso
2593 1829 2777 1885 literas
2806 1831 3174 1900 acceperimus
3191 1874 3208 1899 ,
3240 1832 3335 1888 sed
3362 1840 3417 1888 et
3443 1832 3582 1888 illius
3609 1835 3744 1890 col-

2128 1914 2291 1986 luquii
2322 1917 2593 1996 desiderio
2618 1928 2885 1986 tenemur,
2913 1937 3021 1992 quo
3043 1922 3244 1978 utinam
3270 1940 3369 1980 nos
3395 1940 3549 1995 quam
3569 1927 3742 1983 citis-

2127 2008 2263 2064 sime
2289 2008 2390 2064 frui
2411 2012 2705 2082 contingat,
2725 2023 2782 2068 ut
2808 2013 2963 2070 nobis
2987 2015 3157 2071 instar
3173 2017 3420 2074 maximae
3444 2019 3736 2087 cujusdam

2115 2098 2428 2156 festivitatis
2449 2117 2569 2158 esse
2594 2105 2784 2174 possit.

2304 2233 2635 2290 CCXXVII.
2665 2237 2925 2294 Car-terim.
2957 2239 3188 2308 (Cucuso
3218 2257 3359 2297 anno
3380 2242 3532 2314 404.)

2196 2367 2334 2437 Quid
2362 2369 2485 2425 ais?
2523 2371 2773 2427 Continui
2803 2373 2897 2428 tibi
2925 2373 3098 2428 morbi
3125 2389 3231 2428 non
3258 2378 3637 2446 permiserunt,
3664 2391 3735 2436 ut

2125 2461 2194 2516 ad
2223 2476 2323 2516 nos
2346 2462 2605 2518 venires?
2631 2465 2792 2534 Atqui
2822 2465 3036 2533 venisti,
3065 2475 3120 2520 et
3147 2467 3419 2526 nobiscum
3462 2484 3540 2533 es,
3571 2480 3628 2524 et
3657 2473 3737 2526 ab

2127 2553 2292 2607 animi
2323 2554 2396 2608 tui
2420 2553 2611 2609 affectu
2639 2570 2704 2611 ac
2729 2555 3004 2612 voluntate
3026 2565 3192 2612 totum
3221 2558 3349 2613 illud
3374 2538 3734 2627 obtinuimus,

2122 2657 2224 2699 nec
2257 2644 2362 2698 ulla
2393 2644 2484 2700 tibi
2534 2644 2636 2700 hac
2677 2645 2731 2701 in
2761 2662 2821 2702 re
2846 2649 3189 2704 excusatione
3215 2658 3301 2704 est
3326 2665 3478 2719 opus.
3506 2651 3735 2708 Etenim

2122 2737 2318 2794 ardens
2357 2754 2420 2794 ac
2465 2739 2674 2795 sincera
2703 2741 2919 2808 caritas,
2949 2757 3070 2811 quae
3109 2741 3188 2796 sic
3238 2752 3491 2812 perpetuo
3533 2747 3684 2814 viget
3714 2789 3733 2811 ,

2124 2831 2278 2886 nobis
2304 2830 2503 2887 sufficit
2530 2831 2597 2887 ad
2636 2834 3024 2904 suggerendam
3065 2835 3296 2905 ingentis
3336 2836 3530 2891 laetitiae
3559 2853 3733 2893 occa.

2123 2924 2350 2978 sionem.
2395 2923 2502 2979 Sed
2531 2925 2784 2996 quoniam
2813 2942 2918 2980 non
2962 2927 3288 2982 mediocrem
3334 2929 3486 2984 nobis
3515 2929 3726 2985 sollici-

2127 3013 2362 3069 tudinem
2394 3014 2645 3084 injecisti,
2675 3031 2797 3070 cum
2825 3016 2893 3071 de
2939 3025 3027 3070 tua
3058 3017 3374 3088 aegritudine
3401 3019 3560 3075 verba
3589 3021 3728 3076 feci—

2123 3104 2213 3169 sti,
2241 3105 2288 3159 si
2319 3105 2456 3161 forte
2482 3106 2550 3160 ab
2595 3107 2683 3161 illa
2723 3106 2887 3163 fueris
2913 3107 3136 3163 liberata
3169 3110 3366 3179 (potest
3409 3111 3548 3166 enim
3580 3113 3730 3169 Deus

2123 3195 2213 3250 illa
2246 3206 2297 3251 te
2339 3196 2603 3263 liberare,
2652 3213 2714 3252 ac
2757 3200 2994 3269 pristinae
3037 3200 3323 3256 restituere
3365 3202 3623 3275 sanitati),
3653 3204 3730 3260 de

2121 3287 2310 3344 eadem
2357 3303 2416 3343 re
2458 3290 2717 3345 certiores
2765 3306 2865 3345 nos
2905 3289 3086 3357 facito,
3119 3299 3178 3346 ut
3225 3291 3325 3348 hac
3367 3293 3728 3351 sollicitudine

2125 3381 2436 3436 liberemur.
2469 3381 2624 3448 Quod
2643 3381 2787 3437 enim
2815 3397 3030 3454 semper
3059 3384 3227 3440 literis
3253 3386 3386 3441 meis
3404 3387 3724 3457 signiﬁcavi,

2122 3489 2264 3527 nunc
2300 3487 2514 3544 quoque
2559 3473 2822 3545 signiﬁco,
2865 3475 3186 3547 ubicumque
3227 3492 3431 3544 verser,
3485 3479 3612 3534 licet
3647 3482 3720 3535 ad

2123 3564 2300 3620 locum
2351 3563 2455 3618 isto
2501 3563 2854 3620 desertiorem
2905 3566 3251 3638 ablegemur,
3302 3567 3372 3625 de
3417 3578 3470 3624 te
3513 3563 3726 3639 tuisque

2120 3659 2283 3712 rebus
2310 3655 2526 3724 solliciti
2553 3671 2675 3712 esse
2720 3672 2828 3712 non
2856 3658 3212 3714 cessabimus.
3265 3659 3540 3730 Ejusmodi
3568 3662 3726 3718 nobis

2121 3755 2224 3802 tua:
2251 3746 2510 3804 ferventis
2553 3757 2609 3804 et
2631 3748 2858 3804 sincera:
2899 3750 3137 3804 caritatis
3167 3750 3388 3821 pignora
3417 3752 3720 3822 reliquisti,

2119 3857 2240 3912 quae
2287 3855 2577 3912 numquam
2626 3833 2893 3911 exstingui
2948 3849 3213 3912 possunt,
3259 3858 3432 3912 neque
3480 3852 3725 3914 tempore

2119 3937 2386 3993 debilitari
2415 3953 2428 3990 :
2457 3937 2554 3992 sed
2584 3937 2698 3992 sive
2745 3947 2849 3992 tua:
2878 3936 3143 3991 nobilitati
3189 3937 3348 3992 vicini
3390 3937 3580 4004 simus,
3610 3938 3727 3995 sive

2119 4030 2187 4084 ab
2211 4029 2296 4083 illa
2317 4030 2528 4094 rem0ti,
2547 4030 2824 4084 caritatem
2843 4029 3088 4084 eamdem
3108 4044 3509 4096 conservamus,
3542 4039 3726 4100 utpote

2121 4122 2316 4192 quibus
2343 4121 2685 4190 exploratum
2718 4121 2810 4190 sit,
2838 4137 2997 4191 quam
3024 4121 3234 4178 sincera
3278 4122 3348 4177 sit
3376 4125 3592 4189 caritas,
3621 4138 3721 4192 qua

2120 4213 2268 4269 nullo
2315 4228 2422 4268 non
2478 4222 2722 4283 tempore
2769 4214 3016 4270 atl‘ectam
3064 4228 3191 4284 erga
3230 4228 3327 4268 nos
3373 4229 3495 4270 esse
3549 4217 3722 4269 sensi-

2117 4325 2258 4365 mus.

2118 4401 2482 4457 CCXXVII].
2512 4401 2776 4456 Theodoro
2805 4401 3018 4455 medico.
3043 4399 3274 4473 (Cucuso
3301 4415 3465 4465 anno,
3485 4409 3547 4455 ut
3574 4409 3724 4471 puta-

2765 4503 2872 4560 tur,
2899 4495 3048 4564 404.)

2191 4587 2271 4642 Tu
2318 4587 2532 4656 quidem
2562 4587 2630 4643 ad
2676 4588 3026 4658 negotiorum
3054 4589 3431 4656 occupationes
3459 4587 3717 4658 confugis,

2120 4690 2281 4750 atque
2308 4679 2434 4735 inde
2463 4681 2626 4750 petita
2655 4681 3001 4735 excusatione
3038 4681 3224 4747 uteris,
3254 4681 3394 4752 quod
3425 4696 3534 4736 non
3560 4698 3720 4737 vene—

2119 4775 2196 4827 ris
2224 4791 2238 4828 :
2272 4789 2372 4843 ego
2400 4789 2530 4828 vero
2575 4773 2704 4828 nihil
2737 4773 2838 4828 hac
2864 4773 3108 4828 oratione
3138 4773 3230 4827 tibi
3274 4787 3408 4843 Opus
3436 4788 3559 4829 esse
3583 4774 3721 4828 arbi-

2120 4876 2254 4920 tror.
2284 4866 2416 4921 Nam
2449 4877 2504 4921 et
2524 4867 2733 4930 venisti,
2763 4875 2818 4920 et
2844 4875 3099 4936 quantum
3125 4865 3192 4920 ad
3214 4865 3487 4919 caritatem
3510 4863 3718 4928 attinet;

2121 4958 2290 5012 nihilo
2323 4957 2574 5013 inferiore
2619 4956 2760 5028 apud
2805 4971 2903 5011 nos
2941 4956 3062 5011 loco
3086 4971 3164 5019 es,
3206 4972 3362 5025 quam
3393 4957 3482 5026 qui
3531 4957 3596 5012 ad
3630 4971 3722 5010 nos

2122 5058 2386 5104 venerunt
2417 5065 2431 5102 :
2464 5048 2727 5118 siquidem
2776 5048 3064 5102 voluntatis
3121 5047 3336 5101 nomine
3401 5063 3506 5100 non
3569 5063 3724 5102 secus

2121 5153 2282 5214 atque
2334 5141 2455 5198 illos
2506 5151 2560 5196 te
2607 5140 2979 5210 prmdicamus,
3027 5149 3190 5210 atque
3239 5139 3379 5194 inter
3425 5141 3721 5210 prmcipuos

2121 5238 2325 5292 amicos
2348 5250 2713 5300 numeramus,
2741 5234 2938 5304 tibique
2967 5235 3164 5304 gratias
3184 5233 3410 5302 agimus,
3438 5233 3580 5302 quod
3601 5249 3718 5287 cum

2121 5328 2332 5386 modico
2365 5327 2621 5396 temporis
2665 5326 2839 5396 spatio
2868 5325 3145 5380 nobiscum
3178 5333 3418 5380 versatus
3448 5323 3629 5388 fueris,
3659 5338 3719 5376 ac

2120 5420 2348 5475 fortasse
2377 5435 2444 5474 ne
2474 5418 2687 5474 modico
2711 5417 2949 5489 quidem,
2982 5417 3150 5472 nihilo
3184 5417 3444 5471 minorem
3471 5431 3595 5487 erga
3623 5431 3716 5469 nos

2119 5528 2358 5568 amorem
2390 5528 2499 5582 prae
2531 5523 2580 5567 te
2623 5511 2828 5578 tuleris,
2873 5525 3032 5580 quam
3075 5509 3163 5580 qui
3191 5508 3442 5565 diuturno
3479 5517 3716 5576 tempore

2121 5607 2400 5665 nobiscum
2435 5606 2631 5661 fuerint
2659 5604 2889 5660 educati.
2923 5603 3092 5669 Quam
3120 5603 3191 5657 ob
3217 5617 3432 5658 causam
3478 5602 3713 5670 ingentes

2121 5699 2214 5754 tibi
2243 5697 2440 5768 gratias
2465 5698 2691 5767 agimus,
2723 5707 2881 5766 teque
2907 5696 3271 5757 obsecramus,
3304 5703 3360 5746 ut
3385 5693 3449 5746 ad
3479 5707 3577 5747 nos
3605 5689 3709 5744 frc-

2120 5802 2342 5862 quvntcr
2394 5790 2617 5844 scribas.
2669 5789 2994 5844 Prius-cutem
3051 5789 3190 5841 enim
3235 5785 3463 5856 teipsum
3515 5774 3708 5835 intueri
