  <div class='ocr_page' id='page_1' title='image "/cluster/home/n/w/nwhite01/storage/ocr_20150623/52:no.3:pt.2/coo.31924054869510/354.png"; bbox 0 0 3950 6386; ppageno 0'>
   <div class='ocr_carea' id='block_1_1' title="bbox 302 328 419 386">
    <p class='ocr_par' dir='ltr' id='par_1_1' title="bbox 302 328 419 386">
     <span class='ocr_line' id='line_1_1' title="bbox 302 328 419 386; baseline 0 0"><span class='ocrx_word' id='word_1_1' title='bbox 302 328 419 386; x_wconf 74' lang='lat'>735</span> 
     </span>
    </p>
   </div>
   <div class='ocr_carea' id='block_1_2' title="bbox 300 439 1893 514">
    <p class='ocr_par' dir='ltr' id='par_1_2' title="bbox 300 439 1893 514">
     <span class='ocr_line' id='line_1_2' title="bbox 300 439 1893 514; baseline -0.004 -15"><span class='ocrx_word' id='word_1_2' title='bbox 300 441 595 514; x_wconf 68' lang='grc' dir='ltr'>δεξώμεθα</span> <span class='ocrx_word' id='word_1_3' title='bbox 628 442 957 514; x_wconf 85' lang='grc' dir='ltr'>γράμματα,</span> <span class='ocrx_word' id='word_1_4' title='bbox 989 440 1094 496; x_wconf 79' lang='grc' dir='ltr'>κᾶν</span> <span class='ocrx_word' id='word_1_5' title='bbox 1122 441 1258 512; x_wconf 85' lang='grc' dir='ltr'>πρὸς</span> <span class='ocrx_word' id='word_1_6' title='bbox 1278 439 1417 495; x_wconf 84' lang='grc' dir='ltr'>αὐτά</span> <span class='ocrx_word' id='word_1_7' title='bbox 1444 439 1546 511; x_wconf 83' lang='grc' dir='ltr'>τῆς</span> <span class='ocrx_word' id='word_1_8' title='bbox 1566 440 1893 512; x_wconf 70' lang='grc' dir='ltr'>οἰκουμένης</span> 
     </span>
    </p>
   </div>
   <div class='ocr_carea' id='block_1_3' title="bbox 302 532 1893 606">
    <p class='ocr_par' dir='ltr' id='par_1_3' title="bbox 302 532 1893 606">
     <span class='ocr_line' id='line_1_3' title="bbox 302 532 1893 606; baseline -0.004 -17"><span class='ocrx_word' id='word_1_9' title='bbox 302 534 706 606; x_wconf 86' lang='grc' dir='ltr'>ἀπενεχθῶμεν</span> <span class='ocrx_word' id='word_1_10' title='bbox 726 536 793 587; x_wconf 84' lang='grc' dir='ltr'>τά</span> <span class='ocrx_word' id='word_1_11' title='bbox 814 534 1087 603; x_wconf 79' lang='grc' dir='ltr'>τέρματα,</span> <span class='ocrx_word' id='word_1_12' title='bbox 1116 532 1218 587; x_wconf 83' lang='grc' dir='ltr'>κᾶν</span> <span class='ocrx_word' id='word_1_13' title='bbox 1244 534 1324 597; x_wconf 87' lang='grc' dir='ltr'>είς</span> <span class='ocrx_word' id='word_1_14' title='bbox 1350 533 1685 605; x_wconf 78' lang='grc' dir='ltr'>ἐρημότερον</span> <span class='ocrx_word' id='word_1_15' title='bbox 1704 532 1893 585; x_wconf 91' lang='grc' dir='ltr'>τούτου</span> 
     </span>
    </p>
   </div>
   <div class='ocr_carea' id='block_1_4' title="bbox 303 621 1897 699">
    <p class='ocr_par' dir='ltr' id='par_1_4' title="bbox 303 621 1897 699">
     <span class='ocr_line' id='line_1_4' title="bbox 303 621 1897 699; baseline -0.004 -18"><span class='ocrx_word' id='word_1_16' title='bbox 303 627 533 699; x_wconf 81' lang='grc' dir='ltr'>χωρίον,</span> <span class='ocrx_word' id='word_1_17' title='bbox 572 624 778 697; x_wconf 79' lang='grc' dir='ltr'>πολλὴν</span> <span class='ocrx_word' id='word_1_18' title='bbox 808 625 916 678; x_wconf 89' lang='grc' dir='ltr'>ἀπὸ</span> <span class='ocrx_word' id='word_1_19' title='bbox 937 624 1036 694; x_wconf 85' lang='grc' dir='ltr'>τῆς</span> <span class='ocrx_word' id='word_1_20' title='bbox 1058 623 1281 695; x_wconf 82' lang='grc' dir='ltr'>ἀγάπης</span> <span class='ocrx_word' id='word_1_21' title='bbox 1309 622 1465 694; x_wconf 89' lang='grc' dir='ltr'>ὑμῶν</span> <span class='ocrx_word' id='word_1_22' title='bbox 1487 621 1897 694; x_wconf 83' lang='grc' dir='ltr'>καρπωσόμεθα</span> 
     </span>
    </p>
   </div>
   <div class='ocr_carea' id='block_1_5' title="bbox 302 712 1893 791">
    <p class='ocr_par' dir='ltr' id='par_1_5' title="bbox 302 712 1893 791">
     <span class='ocr_line' id='line_1_5' title="bbox 302 712 1893 791; baseline -0.004 -17"><span class='ocrx_word' id='word_1_23' title='bbox 302 723 413 791; x_wconf 84' lang='grc' dir='ltr'>τὴν</span> <span class='ocrx_word' id='word_1_24' title='bbox 438 718 808 791; x_wconf 83' lang='grc' dir='ltr'>παράκλησιν.</span> <span class='ocrx_word' id='word_1_25' title='bbox 837 716 1002 770; x_wconf 86' lang='grc' dir='ltr'>υὺδέν</span> <span class='ocrx_word' id='word_1_26' title='bbox 1024 716 1133 785; x_wconf 83' lang='grc' dir='ltr'>γὰρ</span> <span class='ocrx_word' id='word_1_27' title='bbox 1152 715 1294 769; x_wconf 84' lang='grc' dir='ltr'>οὑτω</span> <span class='ocrx_word' id='word_1_28' title='bbox 1315 714 1494 786; x_wconf 72' lang='grc' dir='ltr'>ψυχὴν</span> <span class='ocrx_word' id='word_1_29' title='bbox 1514 716 1726 786; x_wconf 81' lang='grc' dir='ltr'>ἀνέχειν</span> <span class='ocrx_word' id='word_1_30' title='bbox 1741 712 1893 786; x_wconf 69' lang='grc'>[724]</span> 
     </span>
    </p>
   </div>
   <div class='ocr_carea' id='block_1_6' title="bbox 303 804 1895 878">
    <p class='ocr_par' dir='ltr' id='par_1_6' title="bbox 303 804 1895 878">
     <span class='ocr_line' id='line_1_6' title="bbox 303 804 1895 878; baseline -0.005 -13"><span class='ocrx_word' id='word_1_31' title='bbox 303 811 558 872; x_wconf 75' lang='grc' dir='ltr'>δύναται,</span> <span class='ocrx_word' id='word_1_32' title='bbox 592 810 686 862; x_wconf 70' lang='grc' dir='ltr'>καὶ</span> <span class='ocrx_word' id='word_1_33' title='bbox 717 809 775 860; x_wconf 87' lang='grc' dir='ltr'>ἐν</span> <span class='ocrx_word' id='word_1_34' title='bbox 801 806 969 878; x_wconf 79' lang='grc' dir='ltr'>πολλῇ</span> <span class='ocrx_word' id='word_1_35' title='bbox 1001 806 1264 878; x_wconf 74' lang='grc' dir='ltr'>καθιστᾷν</span> <span class='ocrx_word' id='word_1_36' title='bbox 1294 806 1479 877; x_wconf 79' lang='grc' dir='ltr'>ἡδονῇ,</span> <span class='ocrx_word' id='word_1_37' title='bbox 1516 806 1591 869; x_wconf 86' lang='grc' dir='ltr'>ὡς</span> <span class='ocrx_word' id='word_1_38' title='bbox 1627 806 1688 859; x_wconf 82' lang='grc' dir='ltr'>τὸ</span> <span class='ocrx_word' id='word_1_39' title='bbox 1721 804 1895 875; x_wconf 86' lang='grc' dir='ltr'>φιλεῖν</span> 
     </span>
    </p>
   </div>
   <div class='ocr_carea' id='block_1_7' title="bbox 306 894 1894 971">
    <p class='ocr_par' dir='ltr' id='par_1_7' title="bbox 306 894 1894 971">
     <span class='ocr_line' id='line_1_7' title="bbox 306 894 1894 971; baseline -0.005 -14"><span class='ocrx_word' id='word_1_40' title='bbox 306 904 412 957; x_wconf 76' lang='grc' dir='ltr'>καὶ</span> <span class='ocrx_word' id='word_1_41' title='bbox 451 900 721 971; x_wconf 81' lang='grc' dir='ltr'>φιλεῖσθαι</span> <span class='ocrx_word' id='word_1_42' title='bbox 754 898 1015 970; x_wconf 88' lang='grc' dir='ltr'>γνησίως.</span> <span class='ocrx_word' id='word_1_43' title='bbox 1066 900 1179 954; x_wconf 78' lang='grc' dir='ltr'>Καὶ</span> <span class='ocrx_word' id='word_1_44' title='bbox 1230 900 1389 952; x_wconf 85' lang='grc' dir='ltr'>τοῦτο</span> <span class='ocrx_word' id='word_1_45' title='bbox 1441 894 1599 952; x_wconf 75' lang='grc' dir='ltr'>οἶσθα</span> <span class='ocrx_word' id='word_1_46' title='bbox 1660 897 1894 969; x_wconf 88' lang='grc' dir='ltr'>μάλιστα</span> 
     </span>
    </p>
   </div>
   <div class='ocr_carea' id='block_1_8' title="bbox 306 987 1894 1060">
    <p class='ocr_par' dir='ltr' id='par_1_8' title="bbox 306 987 1894 1060">
     <span class='ocr_line' id='line_1_8' title="bbox 306 987 1894 1060; baseline -0.002 -14"><span class='ocrx_word' id='word_1_47' title='bbox 306 993 536 1048; x_wconf 84' lang='grc' dir='ltr'>πάντων</span> <span class='ocrx_word' id='word_1_48' title='bbox 580 990 762 1055; x_wconf 76' lang='grc' dir='ltr'>αὐτὸς,</span> <span class='ocrx_word' id='word_1_49' title='bbox 802 987 990 1060; x_wconf 81' lang='grc' dir='ltr'>ἐπειδὴ</span> <span class='ocrx_word' id='word_1_50' title='bbox 1035 989 1274 1060; x_wconf 90' lang='grc' dir='ltr'>μάλιστα</span> <span class='ocrx_word' id='word_1_51' title='bbox 1311 991 1530 1044; x_wconf 90' lang='grc' dir='ltr'>πάντων</span> <span class='ocrx_word' id='word_1_52' title='bbox 1583 990 1675 1045; x_wconf 87' lang='grc' dir='ltr'>καί</span> <span class='ocrx_word' id='word_1_53' title='bbox 1721 989 1894 1059; x_wconf 82' lang='grc' dir='ltr'>φιλεῖν</span> 
     </span>
    </p>
   </div>
   <div class='ocr_carea' id='block_1_9' title="bbox 303 1081 495 1139">
    <p class='ocr_par' dir='ltr' id='par_1_9' title="bbox 303 1081 495 1139">
     <span class='ocr_line' id='line_1_9' title="bbox 303 1081 495 1139; baseline -0.005 0"><span class='ocrx_word' id='word_1_54' title='bbox 303 1081 495 1139; x_wconf 84' lang='grc' dir='ltr'>οἶσθα.</span> 
     </span>
    </p>
   </div>
   <div class='ocr_carea' id='block_1_10' title="bbox 563 1171 1662 1243">
    <p class='ocr_par' dir='ltr' id='par_1_10' title="bbox 563 1171 1662 1243">
     <span class='ocr_line' id='line_1_10' title="bbox 563 1171 1662 1243; baseline -0.005 -13"><span class='ocrx_word' id='word_1_55' title='bbox 563 1178 735 1230; x_wconf 56' lang='grc' dir='ltr'>ΣΚΔἎ</span> <span class='ocrx_word' id='word_1_56' title='bbox 773 1171 1091 1243; x_wconf 81' lang='grc' dir='ltr'>Μαρκιανῷ</span> <span class='ocrx_word' id='word_1_57' title='bbox 1123 1173 1221 1227; x_wconf 80' lang='grc' dir='ltr'>καί</span> <span class='ocrx_word' id='word_1_58' title='bbox 1248 1173 1662 1241; x_wconf 50' lang='grc' dir='ltr'>Μαρκελλῖνε).</span> 
     </span>
    </p>
   </div>
   <div class='ocr_carea' id='block_1_11' title="bbox 384 1264 1897 1337">
    <p class='ocr_par' dir='ltr' id='par_1_11' title="bbox 384 1264 1897 1337">
     <span class='ocr_line' id='line_1_11' title="bbox 384 1264 1897 1337; baseline -0.003 -14"><span class='ocrx_word' id='word_1_59' title='bbox 384 1270 455 1322; x_wconf 89' lang='grc' dir='ltr'>Τί</span> <span class='ocrx_word' id='word_1_60' title='bbox 492 1268 683 1335; x_wconf 90' lang='grc' dir='ltr'>τοῦτο;</span> <span class='ocrx_word' id='word_1_61' title='bbox 727 1265 916 1331; x_wconf 77' lang='grc' dir='ltr'>Οὕτως</span> <span class='ocrx_word' id='word_1_62' title='bbox 950 1265 1111 1336; x_wconf 85' lang='grc' dir='ltr'>ἡμῶν</span> <span class='ocrx_word' id='word_1_63' title='bbox 1138 1264 1375 1337; x_wconf 76' lang='grc' dir='ltr'>ἐρῶντες</span> <span class='ocrx_word' id='word_1_64' title='bbox 1405 1264 1549 1334; x_wconf 81' lang='grc' dir='ltr'>(οὐδὲ</span> <span class='ocrx_word' id='word_1_65' title='bbox 1577 1264 1685 1335; x_wconf 85' lang='grc' dir='ltr'>γὰρ</span> <span class='ocrx_word' id='word_1_66' title='bbox 1716 1266 1780 1318; x_wconf 84' lang='grc' dir='ltr'>ἐκ</span> <span class='ocrx_word' id='word_1_67' title='bbox 1815 1282 1897 1318; x_wconf 89' lang='grc' dir='ltr'>το-</span> 
     </span>
    </p>
   </div>
   <div class='ocr_carea' id='block_1_12' title="bbox 307 1356 1897 1432">
    <p class='ocr_par' dir='ltr' id='par_1_12' title="bbox 307 1356 1897 1432">
     <span class='ocr_line' id='line_1_12' title="bbox 307 1356 1897 1432; baseline -0.004 -15"><span class='ocrx_word' id='word_1_68' title='bbox 307 1361 511 1417; x_wconf 85' lang='grc' dir='ltr'>σούτου</span> <span class='ocrx_word' id='word_1_69' title='bbox 537 1359 883 1432; x_wconf 84' lang='grc' dir='ltr'>καθημένους</span> <span class='ocrx_word' id='word_1_70' title='bbox 914 1359 1069 1431; x_wconf 83' lang='grc' dir='ltr'>ὑμῶν</span> <span class='ocrx_word' id='word_1_71' title='bbox 1091 1358 1463 1429; x_wconf 86' lang='grc' dir='ltr'>διαστήματος</span> <span class='ocrx_word' id='word_1_72' title='bbox 1492 1356 1680 1410; x_wconf 79' lang='grc' dir='ltr'>ἔλαθεν</span> <span class='ocrx_word' id='word_1_73' title='bbox 1703 1359 1853 1428; x_wconf 80' lang='grc' dir='ltr'>ἡμᾶς</span> <span class='ocrx_word' id='word_1_74' title='bbox 1868 1358 1897 1410; x_wconf 84' lang='grc' dir='ltr'>ὁ</span> 
     </span>
    </p>
   </div>
   <div class='ocr_carea' id='block_1_13' title="bbox 303 1448 1895 1527">
    <p class='ocr_par' dir='ltr' id='par_1_13' title="bbox 303 1448 1895 1527">
     <span class='ocr_line' id='line_1_13' title="bbox 303 1448 1895 1527; baseline -0.003 -19"><span class='ocrx_word' id='word_1_75' title='bbox 303 1455 479 1527; x_wconf 85' lang='grc' dir='ltr'>ἔρως,</span> <span class='ocrx_word' id='word_1_76' title='bbox 513 1453 696 1508; x_wconf 83' lang='grc' dir='ltr'>διὰ-τὸ</span> <span class='ocrx_word' id='word_1_77' title='bbox 729 1452 958 1523; x_wconf 87' lang='grc' dir='ltr'>σφοδρὸς</span> <span class='ocrx_word' id='word_1_78' title='bbox 986 1448 1127 1505; x_wconf 79' lang='grc' dir='ltr'>εἶναι</span> <span class='ocrx_word' id='word_1_79' title='bbox 1156 1452 1253 1505; x_wconf 76' lang='grc' dir='ltr'>καὶ</span> <span class='ocrx_word' id='word_1_80' title='bbox 1285 1452 1727 1523; x_wconf 82' lang='grc' dir='ltr'>πεπυρωμένος),</span> <span class='ocrx_word' id='word_1_81' title='bbox 1764 1468 1895 1505; x_wconf 84' lang='grc' dir='ltr'>κατ-</span> 
     </span>
    </p>
   </div>
   <div class='ocr_carea' id='block_1_14' title="bbox 305 1543 1894 1618">
    <p class='ocr_par' dir='ltr' id='par_1_14' title="bbox 305 1543 1894 1618">
     <span class='ocr_line' id='line_1_14' title="bbox 305 1543 1894 1618; baseline -0.004 -15"><span class='ocrx_word' id='word_1_82' title='bbox 305 1547 573 1613; x_wconf 77' lang='grc' dir='ltr'>εδέξασθε</span> <span class='ocrx_word' id='word_1_83' title='bbox 594 1547 779 1618; x_wconf 82' lang='grc' dir='ltr'>σιγᾷν,</span> <span class='ocrx_word' id='word_1_84' title='bbox 796 1545 891 1599; x_wconf 81' lang='grc' dir='ltr'>καὶ</span> <span class='ocrx_word' id='word_1_85' title='bbox 906 1545 1027 1598; x_wconf 85' lang='grc' dir='ltr'>οὐδὲ</span> <span class='ocrx_word' id='word_1_86' title='bbox 1055 1543 1205 1609; x_wconf 74' lang='grc' dir='ltr'>ἅπαξ</span> <span class='ocrx_word' id='word_1_87' title='bbox 1229 1546 1362 1615; x_wconf 83' lang='grc' dir='ltr'>ἡμῖν</span> <span class='ocrx_word' id='word_1_88' title='bbox 1388 1544 1757 1609; x_wconf 87' lang='grc' dir='ltr'>ἐπεστείλατε,</span> <span class='ocrx_word' id='word_1_89' title='bbox 1780 1543 1894 1598; x_wconf 85' lang='grc' dir='ltr'>ἀλλ’</span> 
     </span>
    </p>
   </div>
   <div class='ocr_carea' id='block_1_15' title="bbox 307 1637 1899 1711">
    <p class='ocr_par' dir='ltr' id='par_1_15' title="bbox 307 1637 1899 1711">
     <span class='ocr_line' id='line_1_15' title="bbox 307 1637 1899 1711; baseline -0.002 -17"><span class='ocrx_word' id='word_1_90' title='bbox 307 1640 552 1711; x_wconf 70' lang='grc' dir='ltr'>αἴνιγμα</span> <span class='ocrx_word' id='word_1_91' title='bbox 572 1640 634 1692; x_wconf 89' lang='grc' dir='ltr'>τὸ</span> <span class='ocrx_word' id='word_1_92' title='bbox 666 1639 902 1709; x_wconf 81' lang='grc' dir='ltr'>πρᾶγμα</span> <span class='ocrx_word' id='word_1_93' title='bbox 934 1639 1066 1708; x_wconf 81' lang='grc' dir='ltr'>ἡμῖν</span> <span class='ocrx_word' id='word_1_94' title='bbox 1099 1638 1475 1707; x_wconf 87' lang='grc' dir='ltr'>πεποιήκατε;</span> <span class='ocrx_word' id='word_1_95' title='bbox 1504 1637 1638 1690; x_wconf 84' lang='grc' dir='ltr'>Οὐδὲ</span> <span class='ocrx_word' id='word_1_96' title='bbox 1664 1638 1774 1707; x_wconf 77' lang='grc' dir='ltr'>γὰρ</span> <span class='ocrx_word' id='word_1_97' title='bbox 1804 1637 1899 1709; x_wconf 88' lang='grc' dir='ltr'>ἀρ-</span> 
     </span>
    </p>
   </div>
   <div class='ocr_carea' id='block_1_16' title="bbox 307 1728 1896 1804">
    <p class='ocr_par' dir='ltr' id='par_1_16' title="bbox 307 1728 1896 1804">
     <span class='ocr_line' id='line_1_16' title="bbox 307 1728 1896 1804; baseline -0.002 -17"><span class='ocrx_word' id='word_1_98' title='bbox 307 1731 493 1787; x_wconf 89' lang='grc' dir='ltr'>κοῦσα</span> <span class='ocrx_word' id='word_1_99' title='bbox 512 1730 807 1804; x_wconf 80' lang='grc' dir='ltr'>πρόφασις,</span> <span class='ocrx_word' id='word_1_100' title='bbox 828 1732 894 1802; x_wconf 78' lang='grc' dir='ltr'>ἢν</span> <span class='ocrx_word' id='word_1_101' title='bbox 923 1728 1201 1802; x_wconf 75' lang='grc' dir='ltr'>ἐγράψατε</span> <span class='ocrx_word' id='word_1_102' title='bbox 1226 1730 1633 1793; x_wconf 72' lang='grc' dir='ltr'>ἐπιστέλλοντες</span> <span class='ocrx_word' id='word_1_103' title='bbox 1651 1729 1788 1799; x_wconf 89' lang='grc' dir='ltr'>πρὸς</span> <span class='ocrx_word' id='word_1_104' title='bbox 1805 1731 1896 1784; x_wconf 82' lang='grc' dir='ltr'>τὸν</span> 
     </span>
    </p>
   </div>
   <div class='ocr_carea' id='block_1_17' title="bbox 310 1821 1897 1897">
    <p class='ocr_par' dir='ltr' id='par_1_17' title="bbox 310 1821 1897 1897">
     <span class='ocr_line' id='line_1_17' title="bbox 310 1821 1897 1897; baseline -0.002 -18"><span class='ocrx_word' id='word_1_105' title='bbox 310 1823 515 1897; x_wconf 87' lang='grc' dir='ltr'>κύριόν</span> <span class='ocrx_word' id='word_1_106' title='bbox 547 1841 649 1895; x_wconf 88' lang='grc' dir='ltr'>μου</span> <span class='ocrx_word' id='word_1_107' title='bbox 670 1822 762 1877; x_wconf 86' lang='grc' dir='ltr'>τὸν</span> <span class='ocrx_word' id='word_1_108' title='bbox 789 1821 1183 1876; x_wconf 86' lang='grc' dir='ltr'>εὐλαϐέστατον</span> <span class='ocrx_word' id='word_1_109' title='bbox 1213 1822 1587 1893; x_wconf 87' lang='grc' dir='ltr'>πρεσϐύτερον</span> <span class='ocrx_word' id='word_1_110' title='bbox 1604 1822 1897 1877; x_wconf 84' lang='grc' dir='ltr'>Κωνστάν-</span> 
     </span>
    </p>
   </div>
   <div class='ocr_carea' id='block_1_18' title="bbox 307 1909 1899 1983">
    <p class='ocr_par' dir='ltr' id='par_1_18' title="bbox 307 1909 1899 1983">
     <span class='ocr_line' id='line_1_18' title="bbox 307 1909 1899 1983; baseline -0.002 -15"><span class='ocrx_word' id='word_1_111' title='bbox 307 1932 456 1969; x_wconf 89' lang='grc' dir='ltr'>τιον.</span> <span class='ocrx_word' id='word_1_112' title='bbox 496 1912 644 1983; x_wconf 82' lang='grc' dir='ltr'>Πλὴν</span> <span class='ocrx_word' id='word_1_113' title='bbox 677 1911 797 1966; x_wconf 79' lang='grc' dir='ltr'>ἀλλ’</span> <span class='ocrx_word' id='word_1_114' title='bbox 844 1911 998 1964; x_wconf 80' lang='grc' dir='ltr'>οὐδὲν</span> <span class='ocrx_word' id='word_1_115' title='bbox 1035 1909 1521 1982; x_wconf 87' lang='grc' dir='ltr'>ἀκριϐολογοῦμαι.</span> <span class='ocrx_word' id='word_1_116' title='bbox 1570 1911 1711 1964; x_wconf 84' lang='grc' dir='ltr'>Ἀλλ’</span> <span class='ocrx_word' id='word_1_117' title='bbox 1760 1912 1899 1965; x_wconf 89' lang='grc' dir='ltr'>ἔστω</span> 
     </span>
    </p>
   </div>
   <div class='ocr_carea' id='block_1_19' title="bbox 306 1999 1897 2074">
    <p class='ocr_par' dir='ltr' id='par_1_19' title="bbox 306 1999 1897 2074">
     <span class='ocr_line' id='line_1_19' title="bbox 306 1999 1897 2074; baseline -0.002 -13"><span class='ocrx_word' id='word_1_118' title='bbox 306 2006 479 2061; x_wconf 86' lang='grc' dir='ltr'>τοῦτο</span> <span class='ocrx_word' id='word_1_119' title='bbox 499 2003 673 2069; x_wconf 84' lang='grc' dir='ltr'>οὑτως</span> <span class='ocrx_word' id='word_1_120' title='bbox 698 2002 841 2074; x_wconf 84' lang='grc' dir='ltr'>ἔχον,</span> <span class='ocrx_word' id='word_1_121' title='bbox 868 2003 962 2055; x_wconf 75' lang='grc' dir='ltr'>καὶ</span> <span class='ocrx_word' id='word_1_122' title='bbox 990 2002 1192 2055; x_wconf 85' lang='grc' dir='ltr'>κείσθω</span> <span class='ocrx_word' id='word_1_123' title='bbox 1217 2004 1317 2073; x_wconf 85' lang='grc' dir='ltr'>τῆς</span> <span class='ocrx_word' id='word_1_124' title='bbox 1340 2004 1498 2073; x_wconf 83' lang='grc' dir='ltr'>σιγῆς</span> <span class='ocrx_word' id='word_1_125' title='bbox 1526 2003 1727 2074; x_wconf 86' lang='grc' dir='ltr'>ταύτην</span> <span class='ocrx_word' id='word_1_126' title='bbox 1758 1999 1897 2058; x_wconf 79' lang='grc' dir='ltr'>εἶναι</span> 
     </span>
    </p>
   </div>
   <div class='ocr_carea' id='block_1_20' title="bbox 307 2094 1899 2172">
    <p class='ocr_par' dir='ltr' id='par_1_20' title="bbox 307 2094 1899 2172">
     <span class='ocr_line' id='line_1_20' title="bbox 307 2094 1899 2172; baseline -0.003 -19"><span class='ocrx_word' id='word_1_127' title='bbox 307 2099 416 2172; x_wconf 79' lang='grc' dir='ltr'>τὴν</span> <span class='ocrx_word' id='word_1_128' title='bbox 446 2096 661 2152; x_wconf 74' lang='grc' dir='ltr'>αἰτίανο</span> <span class='ocrx_word' id='word_1_129' title='bbox 703 2096 814 2150; x_wconf 86' lang='grc' dir='ltr'>ίδοὺ</span> <span class='ocrx_word' id='word_1_130' title='bbox 846 2094 944 2149; x_wconf 73' lang='grc' dir='ltr'>καὶ</span> <span class='ocrx_word' id='word_1_131' title='bbox 976 2095 1115 2167; x_wconf 85' lang='grc' dir='ltr'>αὐτὴ</span> <span class='ocrx_word' id='word_1_132' title='bbox 1148 2096 1278 2167; x_wconf 89' lang='grc' dir='ltr'>ὑμῖν</span> <span class='ocrx_word' id='word_1_133' title='bbox 1311 2095 1602 2168; x_wconf 84' lang='grc' dir='ltr'>ἀνῄρηται,</span> <span class='ocrx_word' id='word_1_134' title='bbox 1644 2096 1736 2150; x_wconf 73' lang='grc' dir='ltr'>καὶ</span> <span class='ocrx_word' id='word_1_135' title='bbox 1768 2098 1899 2169; x_wconf 86' lang='grc' dir='ltr'>πρό-</span> 
     </span>
    </p>
   </div>
   <div class='ocr_carea' id='block_1_21' title="bbox 307 2189 1900 2265">
    <p class='ocr_par' dir='ltr' id='par_1_21' title="bbox 307 2189 1900 2265">
     <span class='ocr_line' id='line_1_21' title="bbox 307 2189 1900 2265; baseline -0.002 -18"><span class='ocrx_word' id='word_1_136' title='bbox 307 2210 465 2265; x_wconf 86' lang='grc' dir='ltr'>τεροι</span> <span class='ocrx_word' id='word_1_137' title='bbox 496 2194 617 2255; x_wconf 89' lang='grc' dir='ltr'>τοῖς</span> <span class='ocrx_word' id='word_1_138' title='bbox 654 2189 792 2262; x_wconf 89' lang='grc' dir='ltr'>πρὸς</span> <span class='ocrx_word' id='word_1_139' title='bbox 826 2189 973 2259; x_wconf 79' lang='grc' dir='ltr'>ὑμᾶς</span> <span class='ocrx_word' id='word_1_140' title='bbox 997 2189 1423 2260; x_wconf 85' lang='grc' dir='ltr'>ἐπεπηδήσαμεν</span> <span class='ocrx_word' id='word_1_141' title='bbox 1462 2190 1775 2261; x_wconf 87' lang='grc' dir='ltr'>γράμμασι,</span> <span class='ocrx_word' id='word_1_142' title='bbox 1799 2191 1900 2261; x_wconf 86' lang='grc' dir='ltr'>χά-</span> 
     </span>
    </p>
   </div>
   <div class='ocr_carea' id='block_1_22' title="bbox 312 2281 1899 2359">
    <p class='ocr_par' dir='ltr' id='par_1_22' title="bbox 312 2281 1899 2359">
     <span class='ocr_line' id='line_1_22' title="bbox 312 2281 1899 2359; baseline -0.001 -21"><span class='ocrx_word' id='word_1_143' title='bbox 312 2286 477 2359; x_wconf 86' lang='grc' dir='ltr'>ριτάς</span> <span class='ocrx_word' id='word_1_144' title='bbox 508 2301 568 2337; x_wconf 91' lang='grc' dir='ltr'>τε</span> <span class='ocrx_word' id='word_1_145' title='bbox 605 2284 735 2355; x_wconf 87' lang='grc' dir='ltr'>ὑμῖν</span> <span class='ocrx_word' id='word_1_146' title='bbox 760 2281 1146 2354; x_wconf 80' lang='grc' dir='ltr'>ὁμολογοῦντες</span> <span class='ocrx_word' id='word_1_147' title='bbox 1168 2282 1269 2352; x_wconf 85' lang='grc' dir='ltr'>τῆς</span> <span class='ocrx_word' id='word_1_148' title='bbox 1297 2283 1527 2353; x_wconf 87' lang='grc' dir='ltr'>γνησίας</span> <span class='ocrx_word' id='word_1_149' title='bbox 1560 2283 1800 2353; x_wconf 81' lang='grc' dir='ltr'>ἀγάπης,</span> <span class='ocrx_word' id='word_1_150' title='bbox 1833 2285 1899 2354; x_wconf 81' lang='grc' dir='ltr'>ἢν</span> 
     </span>
    </p>
   </div>
   <div class='ocr_carea' id='block_1_23' title="bbox 306 2373 1904 2448">
    <p class='ocr_par' dir='ltr' id='par_1_23' title="bbox 306 2373 1904 2448">
     <span class='ocr_line' id='line_1_23' title="bbox 306 2373 1904 2448; baseline -0.002 -16"><span class='ocrx_word' id='word_1_151' title='bbox 306 2378 493 2442; x_wconf 84' lang='grc' dir='ltr'>οὓτως</span> <span class='ocrx_word' id='word_1_152' title='bbox 525 2374 885 2448; x_wconf 81' lang='grc' dir='ltr'>ἀκμάζουσαν</span> <span class='ocrx_word' id='word_1_153' title='bbox 911 2374 1040 2446; x_wconf 76' lang='grc' dir='ltr'>περὶ</span> <span class='ocrx_word' id='word_1_154' title='bbox 1069 2375 1218 2445; x_wconf 77' lang='grc' dir='ltr'>ἡμᾶς</span> <span class='ocrx_word' id='word_1_155' title='bbox 1246 2373 1573 2445; x_wconf 88' lang='grc' dir='ltr'>διατηρεῖτε,</span> <span class='ocrx_word' id='word_1_156' title='bbox 1606 2374 1703 2428; x_wconf 67' lang='grc' dir='ltr'>καὶ</span> <span class='ocrx_word' id='word_1_157' title='bbox 1729 2392 1904 2447; x_wconf 89' lang='grc' dir='ltr'>παρα-</span> 
     </span>
    </p>
   </div>
   <div class='ocr_carea' id='block_1_24' title="bbox 309 2466 1901 2539">
    <p class='ocr_par' dir='ltr' id='par_1_24' title="bbox 309 2466 1901 2539">
     <span class='ocr_line' id='line_1_24' title="bbox 309 2466 1901 2539; baseline -0.001 -16"><span class='ocrx_word' id='word_1_158' title='bbox 309 2467 635 2537; x_wconf 82' lang='grc' dir='ltr'>καλοῦντες,</span> <span class='ocrx_word' id='word_1_159' title='bbox 666 2466 831 2539; x_wconf 76' lang='grc' dir='ltr'>ἡνίκα</span> <span class='ocrx_word' id='word_1_160' title='bbox 862 2467 929 2522; x_wconf 84' lang='grc' dir='ltr'>ἂν</span> <span class='ocrx_word' id='word_1_161' title='bbox 956 2467 1075 2539; x_wconf 80' lang='grc' dir='ltr'>ἐξῇ,</span> <span class='ocrx_word' id='word_1_162' title='bbox 1120 2467 1214 2521; x_wconf 54' lang='grc' dir='ltr'>καί⁵</span> <span class='ocrx_word' id='word_1_163' title='bbox 1243 2467 1577 2521; x_wconf 79' lang='grc' dir='ltr'>ἐπιστέλλειν</span> <span class='ocrx_word' id='word_1_164' title='bbox 1612 2469 1742 2539; x_wconf 81' lang='grc' dir='ltr'>ἡμῖν</span> <span class='ocrx_word' id='word_1_165' title='bbox 1773 2485 1901 2522; x_wconf 88' lang='grc' dir='ltr'>συν-</span> 
     </span>
    </p>
   </div>
   <div class='ocr_carea' id='block_1_25' title="bbox 307 2558 1903 2634">
    <p class='ocr_par' dir='ltr' id='par_1_25' title="bbox 307 2558 1903 2634">
     <span class='ocr_line' id='line_1_25' title="bbox 307 2558 1903 2634; baseline -0.001 -19"><span class='ocrx_word' id='word_1_166' title='bbox 307 2562 483 2634; x_wconf 75' lang='grc' dir='ltr'>εχῶς.</span> <span class='ocrx_word' id='word_1_167' title='bbox 517 2562 640 2615; x_wconf 86' lang='grc' dir='ltr'>Ὀτι</span> <span class='ocrx_word' id='word_1_168' title='bbox 676 2560 776 2632; x_wconf 85' lang='grc' dir='ltr'>μὲν</span> <span class='ocrx_word' id='word_1_169' title='bbox 803 2561 912 2632; x_wconf 83' lang='grc' dir='ltr'>γὰρ</span> <span class='ocrx_word' id='word_1_170' title='bbox 949 2559 1045 2613; x_wconf 70' lang='grc' dir='ltr'>καὶ</span> <span class='ocrx_word' id='word_1_171' title='bbox 1092 2558 1499 2631; x_wconf 83' lang='grc' dir='ltr'>παραγενέσθαι</span> <span class='ocrx_word' id='word_1_172' title='bbox 1537 2560 1770 2614; x_wconf 83' lang='grc' dir='ltr'>ἐνταῦθα</span> <span class='ocrx_word' id='word_1_173' title='bbox 1802 2562 1903 2614; x_wconf 88' lang='grc' dir='ltr'>οὐκ</span> 
     </span>
    </p>
   </div>
   <div class='ocr_carea' id='block_1_26' title="bbox 309 2651 1903 2725">
    <p class='ocr_par' dir='ltr' id='par_1_26' title="bbox 309 2651 1903 2725">
     <span class='ocr_line' id='line_1_26' title="bbox 309 2651 1903 2725; baseline -0.001 -17"><span class='ocrx_word' id='word_1_174' title='bbox 309 2656 387 2709; x_wconf 87' lang='grc' dir='ltr'>ἂν</span> <span class='ocrx_word' id='word_1_175' title='bbox 420 2652 728 2723; x_wconf 81' lang='grc' dir='ltr'>ώκνήσατε,</span> <span class='ocrx_word' id='word_1_176' title='bbox 771 2653 820 2705; x_wconf 90' lang='grc' dir='ltr'>εί</span> <span class='ocrx_word' id='word_1_177' title='bbox 863 2651 939 2723; x_wconf 84' lang='grc' dir='ltr'>μὴ</span> <span class='ocrx_word' id='word_1_178' title='bbox 980 2651 1050 2706; x_wconf 85' lang='grc' dir='ltr'>τά</span> <span class='ocrx_word' id='word_1_179' title='bbox 1101 2651 1366 2723; x_wconf 69' lang='grc' dir='ltr'>εἰρημένα</span> <span class='ocrx_word' id='word_1_180' title='bbox 1404 2651 1706 2723; x_wconf 78' lang='grc' dir='ltr'>κωλύματα</span> <span class='ocrx_word' id='word_1_181' title='bbox 1753 2652 1903 2725; x_wconf 77' lang='grc' dir='ltr'>παρὰ</span> 
     </span>
    </p>
   </div>
   <div class='ocr_carea' id='block_1_27' title="bbox 306 2737 1901 2817">
    <p class='ocr_par' dir='ltr' id='par_1_27' title="bbox 306 2737 1901 2817">
     <span class='ocr_line' id='line_1_27' title="bbox 306 2737 1901 2817; baseline 0.001 -18"><span class='ocrx_word' id='word_1_182' title='bbox 306 2745 414 2817; x_wconf 77' lang='grc' dir='ltr'>τῆς</span> <span class='ocrx_word' id='word_1_183' title='bbox 456 2743 816 2815; x_wconf 84' lang='grc' dir='ltr'>κοσμιότητος</span> <span class='ocrx_word' id='word_1_184' title='bbox 849 2743 1003 2815; x_wconf 89' lang='grc' dir='ltr'>ὑμῶν</span> <span class='ocrx_word' id='word_1_185' title='bbox 1028 2737 1119 2814; x_wconf 78' lang='grc' dir='ltr'>ἦν,</span> <span class='ocrx_word' id='word_1_186' title='bbox 1168 2742 1322 2798; x_wconf 84' lang='grc' dir='ltr'>οὐδὲν</span> <span class='ocrx_word' id='word_1_187' title='bbox 1375 2744 1729 2816; x_wconf 87' lang='grc' dir='ltr'>άμφιϐάλλω·</span> <span class='ocrx_word' id='word_1_188' title='bbox 1761 2746 1901 2817; x_wconf 84' lang='grc' dir='ltr'>μᾶλ-</span> 
     </span>
    </p>
   </div>
   <div class='ocr_carea' id='block_1_28' title="bbox 305 2836 1898 2909">
    <p class='ocr_par' dir='ltr' id='par_1_28' title="bbox 305 2836 1898 2909">
     <span class='ocr_line' id='line_1_28' title="bbox 305 2836 1898 2909; baseline 0.001 -19"><span class='ocrx_word' id='word_1_189' title='bbox 305 2837 408 2890; x_wconf 85' lang='grc' dir='ltr'>λον</span> <span class='ocrx_word' id='word_1_190' title='bbox 459 2836 517 2891; x_wconf 81' lang='grc' dir='ltr'>δὲ</span> <span class='ocrx_word' id='word_1_191' title='bbox 570 2836 680 2891; x_wconf 88' lang='grc' dir='ltr'>ἀπὸ</span> <span class='ocrx_word' id='word_1_192' title='bbox 726 2838 824 2908; x_wconf 80' lang='grc' dir='ltr'>τῆς</span> <span class='ocrx_word' id='word_1_193' title='bbox 877 2836 1106 2908; x_wconf 86' lang='grc' dir='ltr'>γνώμης</span> <span class='ocrx_word' id='word_1_194' title='bbox 1152 2836 1246 2891; x_wconf 72' lang='grc' dir='ltr'>καὶ</span> <span class='ocrx_word' id='word_1_195' title='bbox 1302 2836 1691 2909; x_wconf 87' lang='grc' dir='ltr'>παρεγένεσθε.</span> <span class='ocrx_word' id='word_1_196' title='bbox 1760 2840 1898 2892; x_wconf 79' lang='grc' dir='ltr'>Ἀλλ’</span> 
     </span>
    </p>
   </div>
   <div class='ocr_carea' id='block_1_29' title="bbox 309 2927 1902 3003">
    <p class='ocr_par' dir='ltr' id='par_1_29' title="bbox 309 2927 1902 3003">
     <span class='ocr_line' id='line_1_29' title="bbox 309 2927 1902 3003; baseline 0.003 -22"><span class='ocrx_word' id='word_1_197' title='bbox 309 2927 508 2998; x_wconf 83' lang='grc' dir='ltr'>ἐπειδὴ</span> <span class='ocrx_word' id='word_1_198' title='bbox 536 2927 695 2981; x_wconf 90' lang='grc' dir='ltr'>τοῦτο</span> <span class='ocrx_word' id='word_1_199' title='bbox 726 2927 871 2998; x_wconf 84' lang='grc' dir='ltr'>ἔργῳ</span> <span class='ocrx_word' id='word_1_200' title='bbox 908 2927 1194 2999; x_wconf 64' lang='grc' dir='ltr'>πληρώσαι</span> <span class='ocrx_word' id='word_1_201' title='bbox 1232 2929 1369 2991; x_wconf 84' lang='grc' dir='ltr'>τέως</span> <span class='ocrx_word' id='word_1_202' title='bbox 1394 2930 1494 2981; x_wconf 77' lang='grc' dir='ltr'>οὐκ</span> <span class='ocrx_word' id='word_1_203' title='bbox 1536 2930 1635 2995; x_wconf 86' lang='grc' dir='ltr'>ἔνι,</span> <span class='ocrx_word' id='word_1_204' title='bbox 1669 2932 1767 3003; x_wconf 81' lang='grc' dir='ltr'>τὴν</span> <span class='ocrx_word' id='word_1_205' title='bbox 1795 2932 1902 2986; x_wconf 72' lang='grc' dir='ltr'>ἀπὸ</span> 
     </span>
    </p>
   </div>
   <div class='ocr_carea' id='block_1_30' title="bbox 308 3016 1902 3093">
    <p class='ocr_par' dir='ltr' id='par_1_30' title="bbox 308 3016 1902 3093">
     <span class='ocr_line' id='line_1_30' title="bbox 308 3016 1902 3093; baseline 0.003 -23"><span class='ocrx_word' id='word_1_206' title='bbox 308 3016 427 3070; x_wconf 85' lang='grc' dir='ltr'>τῶν</span> <span class='ocrx_word' id='word_1_207' title='bbox 456 3016 804 3089; x_wconf 86' lang='grc' dir='ltr'>γραμμάτων</span> <span class='ocrx_word' id='word_1_208' title='bbox 834 3020 967 3089; x_wconf 79' lang='grc' dir='ltr'>ἡμῖν</span> <span class='ocrx_word' id='word_1_209' title='bbox 990 3019 1257 3090; x_wconf 71' lang='grc' dir='ltr'>παρέχετε</span> <span class='ocrx_word' id='word_1_210' title='bbox 1285 3019 1651 3091; x_wconf 83' lang='grc' dir='ltr'>παράκλησιν,</span> <span class='ocrx_word' id='word_1_211' title='bbox 1677 3022 1744 3074; x_wconf 81' lang='grc' dir='ltr'>τά</span> <span class='ocrx_word' id='word_1_212' title='bbox 1773 3022 1902 3093; x_wconf 66' lang='grc' dir='ltr'>περὶ</span> 
     </span>
    </p>
   </div>
   <div class='ocr_carea' id='block_1_31' title="bbox 308 3107 1905 3182">
    <p class='ocr_par' dir='ltr' id='par_1_31' title="bbox 308 3107 1905 3182">
     <span class='ocr_line' id='line_1_31' title="bbox 308 3107 1905 3182; baseline 0.004 -21"><span class='ocrx_word' id='word_1_213' title='bbox 308 3110 419 3176; x_wconf 82' lang='grc' dir='ltr'>τῆς</span> <span class='ocrx_word' id='word_1_214' title='bbox 456 3110 647 3178; x_wconf 83' lang='grc' dir='ltr'>ὑγείας</span> <span class='ocrx_word' id='word_1_215' title='bbox 677 3107 832 3180; x_wconf 85' lang='grc' dir='ltr'>ὑμῶν</span> <span class='ocrx_word' id='word_1_216' title='bbox 864 3109 959 3162; x_wconf 78' lang='grc' dir='ltr'>καὶ</span> <span class='ocrx_word' id='word_1_217' title='bbox 1006 3108 1099 3162; x_wconf 89' lang='grc' dir='ltr'>τοῦ</span> <span class='ocrx_word' id='word_1_218' title='bbox 1139 3109 1288 3163; x_wconf 80' lang='grc' dir='ltr'>οἴκου</span> <span class='ocrx_word' id='word_1_219' title='bbox 1319 3111 1521 3176; x_wconf 87' lang='grc' dir='ltr'>παντὸς</span> <span class='ocrx_word' id='word_1_220' title='bbox 1555 3113 1905 3182; x_wconf 75' lang='grc' dir='ltr'>εὐαγγελιζό-</span> 
     </span>
    </p>
   </div>
   <div class='ocr_carea' id='block_1_32' title="bbox 314 3199 1904 3277">
    <p class='ocr_par' dir='ltr' id='par_1_32' title="bbox 314 3199 1904 3277">
     <span class='ocr_line' id='line_1_32' title="bbox 314 3199 1904 3277; baseline -0.001 -21"><span class='ocrx_word' id='word_1_221' title='bbox 314 3218 495 3274; x_wconf 76' lang='grc' dir='ltr'>μενοι.</span> <span class='ocrx_word' id='word_1_222' title='bbox 520 3202 584 3254; x_wconf 66' lang='lat' dir='ltr'>Et</span> <span class='ocrx_word' id='word_1_223' title='bbox 611 3199 722 3273; x_wconf 86' lang='grc' dir='ltr'>γὰρ</span> <span class='ocrx_word' id='word_1_224' title='bbox 744 3200 973 3254; x_wconf 87' lang='grc' dir='ltr'>τοιαῦτα</span> <span class='ocrx_word' id='word_1_225' title='bbox 1001 3200 1296 3272; x_wconf 77' lang='grc' dir='ltr'>δεξαίμεθα</span> <span class='ocrx_word' id='word_1_226' title='bbox 1328 3204 1569 3275; x_wconf 87' lang='grc' dir='ltr'>συνεχῶς</span> <span class='ocrx_word' id='word_1_227' title='bbox 1598 3206 1727 3277; x_wconf 85' lang='grc' dir='ltr'>παρ’</span> <span class='ocrx_word' id='word_1_228' title='bbox 1751 3208 1779 3259; x_wconf 88' lang='grc' dir='ltr'>ὑ</span> <span class='ocrx_word' id='word_1_229' title='bbox 1789 3207 1904 3277; x_wconf 82' lang='grc' dir='ltr'>μῶν</span> 
     </span>
    </p>
   </div>
   <div class='ocr_carea' id='block_1_33' title="bbox 310 3290 1901 3370">
    <p class='ocr_par' dir='ltr' id='par_1_33' title="bbox 310 3290 1901 3370">
     <span class='ocr_line' id='line_1_33' title="bbox 310 3290 1901 3370; baseline 0.006 -27"><span class='ocrx_word' id='word_1_230' title='bbox 310 3290 647 3363; x_wconf 84' lang='grc' dir='ltr'>γράμματα,</span> <span class='ocrx_word' id='word_1_231' title='bbox 677 3291 783 3345; x_wconf 80' lang='grc' dir='ltr'>κᾶν</span> <span class='ocrx_word' id='word_1_232' title='bbox 817 3293 876 3344; x_wconf 92' lang='grc' dir='ltr'>ἐν</span> <span class='ocrx_word' id='word_1_233' title='bbox 902 3291 1261 3365; x_wconf 79' lang='grc' dir='ltr'>χαλεπωτέρᾳ</span> <span class='ocrx_word' id='word_1_234' title='bbox 1289 3293 1493 3366; x_wconf 79' lang='grc' dir='ltr'>ταύτης</span> <span class='ocrx_word' id='word_1_235' title='bbox 1532 3298 1737 3370; x_wconf 78' lang='grc' dir='ltr'>ἐρημίᾳ</span> <span class='ocrx_word' id='word_1_236' title='bbox 1771 3300 1901 3369; x_wconf 82' lang='grc' dir='ltr'>καθ-</span> 
     </span>
    </p>
   </div>
   <div class='ocr_carea' id='block_1_34' title="bbox 312 3382 1899 3462">
    <p class='ocr_par' dir='ltr' id='par_1_34' title="bbox 312 3382 1899 3462">
     <span class='ocr_line' id='line_1_34' title="bbox 312 3382 1899 3462; baseline 0.004 -26"><span class='ocrx_word' id='word_1_237' title='bbox 312 3383 523 3455; x_wconf 83' lang='grc' dir='ltr'>ήμεθα,</span> <span class='ocrx_word' id='word_1_238' title='bbox 558 3382 759 3455; x_wconf 83' lang='grc' dir='ltr'>πολλὴν</span> <span class='ocrx_word' id='word_1_239' title='bbox 802 3383 910 3437; x_wconf 89' lang='grc' dir='ltr'>ἀπὸ</span> <span class='ocrx_word' id='word_1_240' title='bbox 949 3385 1059 3438; x_wconf 90' lang='grc' dir='ltr'>τῶν</span> <span class='ocrx_word' id='word_1_241' title='bbox 1087 3385 1390 3440; x_wconf 77' lang='grc' dir='ltr'>ἐπιστολῶν</span> <span class='ocrx_word' id='word_1_242' title='bbox 1421 3388 1577 3457; x_wconf 90' lang='grc' dir='ltr'>ὑμῶν</span> <span class='ocrx_word' id='word_1_243' title='bbox 1615 3391 1899 3462; x_wconf 78' lang='grc' dir='ltr'>καρπωσὸ-</span> 
     </span>
    </p>
   </div>
   <div class='ocr_carea' id='block_1_35' title="bbox 313 3474 997 3548">
    <p class='ocr_par' dir='ltr' id='par_1_35' title="bbox 313 3474 997 3548">
     <span class='ocr_line' id='line_1_35' title="bbox 313 3474 997 3548; baseline 0.001 -19"><span class='ocrx_word' id='word_1_244' title='bbox 313 3474 467 3548; x_wconf 80' lang='grc' dir='ltr'>μεθα</span> <span class='ocrx_word' id='word_1_245' title='bbox 500 3475 598 3546; x_wconf 81' lang='grc' dir='ltr'>τὴν</span> <span class='ocrx_word' id='word_1_246' title='bbox 629 3474 997 3546; x_wconf 85' lang='grc' dir='ltr'>παράκλησιν.</span> 
     </span>
    </p>
   </div>
   <div class='ocr_carea' id='block_1_36' title="bbox 603 3568 1619 3638">
    <p class='ocr_par' dir='ltr' id='par_1_36' title="bbox 603 3568 1619 3638">
     <span class='ocr_line' id='line_1_36' title="bbox 603 3568 1619 3638; baseline 0.002 -17"><span class='ocrx_word' id='word_1_247' title='bbox 603 3568 782 3621; x_wconf 78' lang='grc' dir='ltr'>ΣΚΕ’.</span> <span class='ocrx_word' id='word_1_248' title='bbox 804 3568 1198 3633; x_wconf 77' lang='grc' dir='ltr'>Κωνσταντίῳ</span> <span class='ocrx_word' id='word_1_249' title='bbox 1220 3568 1619 3638; x_wconf 64' lang='grc' dir='ltr'>πρεσϐυτέρῳ.</span> 
     </span>
    </p>
   </div>
   <div class='ocr_carea' id='block_1_37' title="bbox 405 3656 1902 3734">
    <p class='ocr_par' dir='ltr' id='par_1_37' title="bbox 405 3656 1902 3734">
     <span class='ocr_line' id='line_1_37' title="bbox 405 3656 1902 3734; baseline 0.003 -24"><span class='ocrx_word' id='word_1_250' title='bbox 405 3656 726 3728; x_wconf 85' lang='grc' dir='ltr'>Ἐθαύμασα</span> <span class='ocrx_word' id='word_1_251' title='bbox 758 3657 877 3722; x_wconf 87' lang='grc' dir='ltr'>πῶς</span> <span class='ocrx_word' id='word_1_252' title='bbox 915 3656 1058 3711; x_wconf 84' lang='grc' dir='ltr'>οὑτω</span> <span class='ocrx_word' id='word_1_253' title='bbox 1087 3658 1317 3729; x_wconf 85' lang='grc' dir='ltr'>σφοδρὸς</span> <span class='ocrx_word' id='word_1_254' title='bbox 1344 3658 1505 3730; x_wconf 77' lang='grc' dir='ltr'>ἡμῶν</span> <span class='ocrx_word' id='word_1_255' title='bbox 1540 3661 1615 3714; x_wconf 83' lang='grc' dir='ltr'>ὢν</span> <span class='ocrx_word' id='word_1_256' title='bbox 1644 3663 1902 3734; x_wconf 75' lang='grc' dir='ltr'>ἐραστὴς,</span> 
     </span>
    </p>
   </div>
   <div class='ocr_carea' id='block_1_38' title="bbox 312 3752 1904 3828">
    <p class='ocr_par' dir='ltr' id='par_1_38' title="bbox 312 3752 1904 3828">
     <span class='ocr_line' id='line_1_38' title="bbox 312 3752 1904 3828; baseline 0.003 -21"><span class='ocrx_word' id='word_1_257' title='bbox 312 3752 418 3807; x_wconf 77' lang='grc' dir='ltr'>καὶ</span> <span class='ocrx_word' id='word_1_258' title='bbox 451 3752 631 3807; x_wconf 84' lang='grc' dir='ltr'>πάντα</span> <span class='ocrx_word' id='word_1_259' title='bbox 652 3754 827 3806; x_wconf 80' lang='grc' dir='ltr'>ποιεῖν</span> <span class='ocrx_word' id='word_1_260' title='bbox 855 3753 950 3806; x_wconf 79' lang='grc' dir='ltr'>καὶ</span> <span class='ocrx_word' id='word_1_261' title='bbox 977 3752 1157 3821; x_wconf 82' lang='grc' dir='ltr'>λέγειν</span> <span class='ocrx_word' id='word_1_262' title='bbox 1192 3754 1345 3826; x_wconf 78' lang='grc' dir='ltr'>ὑπὲρ</span> <span class='ocrx_word' id='word_1_263' title='bbox 1366 3755 1523 3826; x_wconf 79' lang='grc' dir='ltr'>ἡμῶν</span> <span class='ocrx_word' id='word_1_264' title='bbox 1553 3758 1649 3810; x_wconf 76' lang='grc' dir='ltr'>καὶ</span> <span class='ocrx_word' id='word_1_265' title='bbox 1676 3758 1904 3828; x_wconf 80' lang='grc' dir='ltr'>πάσχειν</span> 
     </span>
    </p>
   </div>
   <div class='ocr_carea' id='block_1_39' title="bbox 314 3833 1905 3924">
    <p class='ocr_par' dir='ltr' id='par_1_39' title="bbox 314 3833 1905 3924">
     <span class='ocr_line' id='line_1_39' title="bbox 314 3833 1905 3924; baseline 0.004 -27"><span class='ocrx_word' id='word_1_266' title='bbox 314 3844 846 3917; x_wconf 83' lang='grc' dir='ltr'>παρεσκευασμένος</span> <span class='ocrx_word' id='word_1_267' title='bbox 883 3845 1027 3917; x_wconf 82' lang='grc' dir='ltr'>(οὐδὲ</span> <span class='ocrx_word' id='word_1_268' title='bbox 1051 3833 1162 3919; x_wconf 86' lang='grc' dir='ltr'>γὰρ</span> <span class='ocrx_word' id='word_1_269' title='bbox 1193 3848 1340 3919; x_wconf 81' lang='grc' dir='ltr'>ἡμᾶς</span> <span class='ocrx_word' id='word_1_270' title='bbox 1370 3847 1560 3903; x_wconf 78' lang='grc' dir='ltr'>ἔλαθεν</span> <span class='ocrx_word' id='word_1_271' title='bbox 1586 3865 1599 3879; x_wconf 92' lang='grc'><strong>·</strong></span> <span class='ocrx_word' id='word_1_272' title='bbox 1632 3850 1753 3903; x_wconf 77' lang='grc' dir='ltr'>οὐδὲ</span> <span class='ocrx_word' id='word_1_273' title='bbox 1796 3850 1905 3924; x_wconf 89' lang='grc' dir='ltr'>γάρ</span> 
     </span>
    </p>
   </div>
   <div class='ocr_carea' id='block_1_40' title="bbox 313 3934 1906 4011">
    <p class='ocr_par' dir='ltr' id='par_1_40' title="bbox 313 3934 1906 4011">
     <span class='ocr_line' id='line_1_40' title="bbox 313 3934 1906 4011; baseline 0.003 -22"><span class='ocrx_word' id='word_1_274' title='bbox 313 3936 403 3989; x_wconf 78' lang='grc' dir='ltr'>ἔνι</span> <span class='ocrx_word' id='word_1_275' title='bbox 437 3935 678 4006; x_wconf 84' lang='grc' dir='ltr'>γνησίως</span> <span class='ocrx_word' id='word_1_276' title='bbox 709 3935 966 4005; x_wconf 75' lang='grc' dir='ltr'>φιλοῦντα</span> <span class='ocrx_word' id='word_1_277' title='bbox 992 3934 1224 4005; x_wconf 85' lang='grc' dir='ltr'>λαθεῖν),</span> <span class='ocrx_word' id='word_1_278' title='bbox 1272 3938 1394 3991; x_wconf 87' lang='grc' dir='ltr'>οὐδέ</span> <span class='ocrx_word' id='word_1_279' title='bbox 1426 3938 1571 4004; x_wconf 74' lang='grc' dir='ltr'>ἅπαξ</span> <span class='ocrx_word' id='word_1_280' title='bbox 1608 3941 1741 4011; x_wconf 78' lang='grc' dir='ltr'>ἡμῖν</span> <span class='ocrx_word' id='word_1_281' title='bbox 1782 3943 1906 3995; x_wconf 80' lang='grc' dir='ltr'>ἐπέ-</span> 
     </span>
    </p>
   </div>
   <div class='ocr_carea' id='block_1_41' title="bbox 316 4026 1904 4101">
    <p class='ocr_par' dir='ltr' id='par_1_41' title="bbox 316 4026 1904 4101">
     <span class='ocr_line' id='line_1_41' title="bbox 316 4026 1904 4101; baseline 0.003 -21"><span class='ocrx_word' id='word_1_282' title='bbox 316 4026 558 4091; x_wconf 85' lang='grc' dir='ltr'>στειλας,</span> <span class='ocrx_word' id='word_1_283' title='bbox 596 4027 690 4080; x_wconf 75' lang='grc' dir='ltr'>καὶ</span> <span class='ocrx_word' id='word_1_284' title='bbox 719 4026 892 4079; x_wconf 83' lang='grc' dir='ltr'>ταῦτα</span> <span class='ocrx_word' id='word_1_285' title='bbox 921 4026 1150 4097; x_wconf 87' lang='grc' dir='ltr'>πλησίον</span> <span class='ocrx_word' id='word_1_286' title='bbox 1182 4027 1429 4083; x_wconf 75' lang='grc' dir='ltr'>ἐλθοῦσιν</span> <span class='ocrx_word' id='word_1_287' title='bbox 1465 4030 1641 4101; x_wconf 88' lang='grc' dir='ltr'>ὑμῶν,</span> <span class='ocrx_word' id='word_1_288' title='bbox 1685 4034 1780 4085; x_wconf 75' lang='grc' dir='ltr'>καὶ</span> <span class='ocrx_word' id='word_1_289' title='bbox 1809 4032 1904 4085; x_wconf 84' lang='grc' dir='ltr'>τοῦ</span> 
     </span>
    </p>
   </div>
   <div class='ocr_carea' id='block_1_42' title="bbox 314 4117 1907 4191">
    <p class='ocr_par' dir='ltr' id='par_1_42' title="bbox 314 4117 1907 4191">
     <span class='ocr_line' id='line_1_42' title="bbox 314 4117 1907 4191; baseline 0.005 -18"><span class='ocrx_word' id='word_1_290' title='bbox 314 4117 505 4190; x_wconf 81' lang='grc' dir='ltr'>τιμίου</span> <span class='ocrx_word' id='word_1_291' title='bbox 538 4135 629 4190; x_wconf 89' lang='grc' dir='ltr'>μοι</span> <span class='ocrx_word' id='word_1_292' title='bbox 648 4119 743 4172; x_wconf 71' lang='grc' dir='ltr'>καὶ</span> <span class='ocrx_word' id='word_1_293' title='bbox 764 4118 1109 4186; x_wconf 79' lang='grc' dir='ltr'>ἐνδοξοτάτου</span> <span class='ocrx_word' id='word_1_294' title='bbox 1133 4120 1365 4191; x_wconf 85' lang='grc' dir='ltr'>ἀδελφοῦ</span> <span class='ocrx_word' id='word_1_295' title='bbox 1394 4123 1651 4177; x_wconf 87' lang='grc' dir='ltr'>Λιϐανίου</span> <span class='ocrx_word' id='word_1_296' title='bbox 1672 4124 1907 4181; x_wconf 84' lang='grc' dir='ltr'>ἐνταῦθα</span> 
     </span>
    </p>
   </div>
   <div class='ocr_carea' id='block_1_43' title="bbox 316 4209 1906 4285">
    <p class='ocr_par' dir='ltr' id='par_1_43' title="bbox 316 4209 1906 4285">
     <span class='ocr_line' id='line_1_43' title="bbox 316 4209 1906 4285; baseline 0.005 -22"><span class='ocrx_word' id='word_1_297' title='bbox 316 4209 651 4279; x_wconf 80' lang='grc' dir='ltr'>ἀφιγμένου.</span> <span class='ocrx_word' id='word_1_298' title='bbox 700 4209 812 4263; x_wconf 77' lang='grc' dir='ltr'>Καὶ</span> <span class='ocrx_word' id='word_1_299' title='bbox 859 4210 1035 4263; x_wconf 81' lang='grc' dir='ltr'>ταῦτα</span> <span class='ocrx_word' id='word_1_300' title='bbox 1088 4212 1189 4265; x_wconf 89' lang='grc' dir='ltr'>οὐκ</span> <span class='ocrx_word' id='word_1_301' title='bbox 1239 4213 1506 4282; x_wconf 75' lang='grc' dir='ltr'>ἐγκαλῶν,</span> <span class='ocrx_word' id='word_1_302' title='bbox 1560 4215 1676 4269; x_wconf 82' lang='grc' dir='ltr'>ἀλλ’</span> <span class='ocrx_word' id='word_1_303' title='bbox 1722 4216 1906 4285; x_wconf 81' lang='grc' dir='ltr'>ἀλγῶν</span> 
     </span>
    </p>
   </div>
   <div class='ocr_carea' id='block_1_44' title="bbox 316 4297 1907 4381">
    <p class='ocr_par' dir='ltr' id='par_1_44' title="bbox 316 4297 1907 4381">
     <span class='ocr_line' id='line_1_44' title="bbox 316 4297 1907 4381; baseline 0.008 -30"><span class='ocrx_word' id='word_1_304' title='bbox 316 4297 491 4368; x_wconf 87' lang='grc' dir='ltr'>λέγω.</span> <span class='ocrx_word' id='word_1_305' title='bbox 535 4300 757 4373; x_wconf 79' lang='grc' dir='ltr'>Ἐπειδὴ</span> <span class='ocrx_word' id='word_1_306' title='bbox 788 4301 896 4372; x_wconf 76' lang='grc' dir='ltr'>γάρ</span> <span class='ocrx_word' id='word_1_307' title='bbox 927 4301 1133 4374; x_wconf 82' lang='grc' dir='ltr'>σφόδρα</span> <span class='ocrx_word' id='word_1_308' title='bbox 1156 4304 1438 4377; x_wconf 84' lang='grc' dir='ltr'>διάκειμαι</span> <span class='ocrx_word' id='word_1_309' title='bbox 1469 4308 1597 4380; x_wconf 78' lang='grc' dir='ltr'>περὶ</span> <span class='ocrx_word' id='word_1_310' title='bbox 1625 4308 1723 4381; x_wconf 85' lang='grc' dir='ltr'>τὴν</span> <span class='ocrx_word' id='word_1_311' title='bbox 1746 4311 1907 4365; x_wconf 78' lang='grc' dir='ltr'>εὐλά-</span> 
     </span>
    </p>
   </div>
   <div class='ocr_carea' id='block_1_45' title="bbox 318 4392 1905 4476">
    <p class='ocr_par' dir='ltr' id='par_1_45' title="bbox 318 4392 1905 4476">
     <span class='ocr_line' id='line_1_45' title="bbox 318 4392 1905 4476; baseline 0.008 -32"><span class='ocrx_word' id='word_1_312' title='bbox 318 4392 479 4445; x_wconf 84' lang='grc' dir='ltr'>ϐειαν</span> <span class='ocrx_word' id='word_1_313' title='bbox 512 4392 687 4464; x_wconf 90' lang='grc' dir='ltr'>ὑμῶν,</span> <span class='ocrx_word' id='word_1_314' title='bbox 732 4393 798 4446; x_wconf 86' lang='grc' dir='ltr'>δι’</span> <span class='ocrx_word' id='word_1_315' title='bbox 848 4393 1037 4465; x_wconf 75' lang='grc' dir='ltr'>ἕτερον</span> <span class='ocrx_word' id='word_1_316' title='bbox 1085 4396 1182 4466; x_wconf 85' lang='grc' dir='ltr'>μὲν</span> <span class='ocrx_word' id='word_1_317' title='bbox 1226 4398 1399 4463; x_wconf 71' lang='grc' dir='ltr'>οὐδὲν,</span> <span class='ocrx_word' id='word_1_318' title='bbox 1438 4400 1520 4453; x_wconf 86' lang='grc' dir='ltr'>ὅτι</span> <span class='ocrx_word' id='word_1_319' title='bbox 1572 4401 1628 4455; x_wconf 89' lang='grc' dir='ltr'>δέ</span> <span class='ocrx_word' id='word_1_320' title='bbox 1670 4419 1762 4455; x_wconf 89' lang='grc' dir='ltr'>σου</span> <span class='ocrx_word' id='word_1_321' title='bbox 1809 4405 1905 4476; x_wconf 80' lang='grc' dir='ltr'>τῆς</span> 
     </span>
    </p>
   </div>
   <div class='ocr_carea' id='block_1_46' title="bbox 315 4482 1903 4565">
    <p class='ocr_par' dir='ltr' id='par_1_46' title="bbox 315 4482 1903 4565">
     <span class='ocr_line' id='line_1_46' title="bbox 315 4482 1903 4565; baseline 0.007 -31"><span class='ocrx_word' id='word_1_322' title='bbox 315 4482 507 4554; x_wconf 75' lang='grc' dir='ltr'>ψυχῆς</span> <span class='ocrx_word' id='word_1_323' title='bbox 535 4483 795 4553; x_wconf 84' lang='grc' dir='ltr'>φροντίδα</span> <span class='ocrx_word' id='word_1_324' title='bbox 842 4486 1016 4548; x_wconf 85' lang='grc' dir='ltr'>ποιεῖς</span> <span class='ocrx_word' id='word_1_325' title='bbox 1048 4485 1188 4555; x_wconf 85' lang='grc' dir='ltr'>μετά</span> <span class='ocrx_word' id='word_1_326' title='bbox 1228 4498 1255 4526; x_wconf 77' lang='grc' dir='ltr'>ει</span> <span class='ocrx_word' id='word_1_327' title='bbox 1292 4488 1472 4558; x_wconf 80' lang='grc' dir='ltr'>πάσης</span> <span class='ocrx_word' id='word_1_328' title='bbox 1502 4493 1601 4560; x_wconf 79' lang='grc' dir='ltr'>τῆς</span> <span class='ocrx_word' id='word_1_329' title='bbox 1648 4493 1903 4565; x_wconf 80' lang='grc' dir='ltr'>σπουδῆς,</span> 
     </span>
    </p>
   </div>
   <div class='ocr_carea' id='block_1_47' title="bbox 317 4572 1906 4648">
    <p class='ocr_par' dir='ltr' id='par_1_47' title="bbox 317 4572 1906 4648">
     <span class='ocr_line' id='line_1_47' title="bbox 317 4572 1906 4648; baseline 0.006 -18"><span class='ocrx_word' id='word_1_330' title='bbox 317 4574 421 4630; x_wconf 75' lang='grc' dir='ltr'>καὶ</span> <span class='ocrx_word' id='word_1_331' title='bbox 450 4574 616 4648; x_wconf 79' lang='grc' dir='ltr'>λιμὴν</span> <span class='ocrx_word' id='word_1_332' title='bbox 658 4572 711 4629; x_wconf 75' lang='grc' dir='ltr'>εἴ</span> <span class='ocrx_word' id='word_1_333' title='bbox 743 4576 924 4641; x_wconf 86' lang='grc' dir='ltr'>κοινὸς</span> <span class='ocrx_word' id='word_1_334' title='bbox 959 4577 1068 4630; x_wconf 91' lang='grc' dir='ltr'>τῶν</span> <span class='ocrx_word' id='word_1_335' title='bbox 1098 4580 1156 4631; x_wconf 86' lang='grc' dir='ltr'>ἐν</span> <span class='ocrx_word' id='word_1_336' title='bbox 1186 4580 1453 4648; x_wconf 85' lang='grc' dir='ltr'>ἀνάγκαις</span> <span class='ocrx_word' id='word_1_337' title='bbox 1480 4581 1669 4647; x_wconf 71' lang='grc' dir='ltr'>ὄντων,</span> <span class='ocrx_word' id='word_1_338' title='bbox 1715 4585 1906 4640; x_wconf 84' lang='grc' dir='ltr'>πενίαν</span> 
     </span>
    </p>
   </div>
   <div class='ocr_carea' id='block_1_48' title="bbox 317 4665 1905 4745">
    <p class='ocr_par' dir='ltr' id='par_1_48' title="bbox 317 4665 1905 4745">
     <span class='ocr_line' id='line_1_48' title="bbox 317 4665 1905 4745; baseline 0.007 -25"><span class='ocrx_word' id='word_1_339' title='bbox 317 4665 487 4729; x_wconf 84' lang='grc' dir='ltr'>λύων,</span> <span class='ocrx_word' id='word_1_340' title='bbox 505 4666 734 4740; x_wconf 83' lang='grc' dir='ltr'>χηρείαν</span> <span class='ocrx_word' id='word_1_341' title='bbox 758 4668 1161 4739; x_wconf 85' lang='grc' dir='ltr'>διορθούμενος,</span> <span class='ocrx_word' id='word_1_342' title='bbox 1182 4671 1448 4741; x_wconf 76' lang='grc' dir='ltr'>ὀρφανίαν</span> <span class='ocrx_word' id='word_1_343' title='bbox 1469 4673 1698 4745; x_wconf 86' lang='grc' dir='ltr'>ἀνέχων,</span> <span class='ocrx_word' id='word_1_344' title='bbox 1728 4677 1905 4742; x_wconf 82' lang='grc' dir='ltr'>κοινὸς</span> 
     </span>
    </p>
   </div>
   <div class='ocr_carea' id='block_1_49' title="bbox 318 4756 1902 4840">
    <p class='ocr_par' dir='ltr' id='par_1_49' title="bbox 318 4756 1902 4840">
     <span class='ocr_line' id='line_1_49' title="bbox 318 4756 1902 4840; baseline 0.006 -29"><span class='ocrx_word' id='word_1_345' title='bbox 318 4756 508 4828; x_wconf 79' lang='grc' dir='ltr'>πατὴρ</span> <span class='ocrx_word' id='word_1_346' title='bbox 541 4758 796 4813; x_wconf 83' lang='grc' dir='ltr'>ἁπάντων</span> <span class='ocrx_word' id='word_1_347' title='bbox 824 4758 921 4823; x_wconf 85' lang='grc' dir='ltr'>ὢν,</span> <span class='ocrx_word' id='word_1_348' title='bbox 954 4759 1149 4814; x_wconf 88' lang='grc' dir='ltr'>τούτου</span> <span class='ocrx_word' id='word_1_349' title='bbox 1182 4761 1344 4833; x_wconf 88' lang='grc' dir='ltr'>χάριν</span> <span class='ocrx_word' id='word_1_350' title='bbox 1375 4763 1580 4833; x_wconf 85' lang='grc' dir='ltr'>σφόδρα</span> <span class='ocrx_word' id='word_1_351' title='bbox 1612 4782 1707 4818; x_wconf 89' lang='grc' dir='ltr'>σου</span> <span class='ocrx_word' id='word_1_352' title='bbox 1738 4768 1902 4840; x_wconf 87' lang='grc' dir='ltr'>ἐρῶν,</span> 
     </span>
    </p>
   </div>
   <div class='ocr_carea' id='block_1_50' title="bbox 319 4846 1905 4931">
    <p class='ocr_par' dir='ltr' id='par_1_50' title="bbox 319 4846 1905 4931">
     <span class='ocr_line' id='line_1_50' title="bbox 319 4846 1905 4931; baseline 0.009 -30"><span class='ocrx_word' id='word_1_353' title='bbox 319 4846 423 4903; x_wconf 75' lang='grc' dir='ltr'>καὶ</span> <span class='ocrx_word' id='word_1_354' title='bbox 476 4850 784 4920; x_wconf 82' lang='grc' dir='ltr'>γράμματα</span> <span class='ocrx_word' id='word_1_355' title='bbox 820 4849 974 4922; x_wconf 86' lang='grc' dir='ltr'>παρά</span> <span class='ocrx_word' id='word_1_356' title='bbox 1026 4852 1128 4923; x_wconf 80' lang='grc' dir='ltr'>τῆς</span> <span class='ocrx_word' id='word_1_357' title='bbox 1170 4853 1269 4925; x_wconf 82' lang='grc' dir='ltr'>σῆς</span> <span class='ocrx_word' id='word_1_358' title='bbox 1317 4855 1605 4921; x_wconf 82' lang='grc' dir='ltr'>εὐλαϐείας</span> <span class='ocrx_word' id='word_1_359' title='bbox 1654 4857 1905 4931; x_wconf 82' lang='grc' dir='ltr'>δέχεσθαι</span> 
     </span>
    </p>
   </div>
   <div class='ocr_carea' id='block_1_51' title="bbox 317 4944 1906 5025">
    <p class='ocr_par' dir='ltr' id='par_1_51' title="bbox 317 4944 1906 5025">
     <span class='ocr_line' id='line_1_51' title="bbox 317 4944 1906 5025; baseline 0.006 -24"><span class='ocrx_word' id='word_1_360' title='bbox 317 4944 601 5017; x_wconf 82' lang='grc' dir='ltr'>ἐπιθυμῶ.</span> <span class='ocrx_word' id='word_1_361' title='bbox 653 4945 806 4999; x_wconf 84' lang='grc' dir='ltr'>Δίδου</span> <span class='ocrx_word' id='word_1_362' title='bbox 857 4946 922 5017; x_wconf 84' lang='grc' dir='ltr'>δὴ</span> <span class='ocrx_word' id='word_1_363' title='bbox 969 4946 1176 5019; x_wconf 89' lang='grc' dir='ltr'>ταύτην</span> <span class='ocrx_word' id='word_1_364' title='bbox 1237 4950 1369 5021; x_wconf 80' lang='grc' dir='ltr'>ἡμῖν</span> <span class='ocrx_word' id='word_1_365' title='bbox 1421 4952 1521 5022; x_wconf 79' lang='grc' dir='ltr'>τὴν</span> <span class='ocrx_word' id='word_1_366' title='bbox 1578 4954 1760 5025; x_wconf 87' lang='grc' dir='ltr'>χάριν,</span> <span class='ocrx_word' id='word_1_367' title='bbox 1810 4958 1906 5010; x_wconf 80' lang='grc' dir='ltr'>καὶ</span> 
     </span>
    </p>
   </div>
   <div class='ocr_carea' id='block_1_52' title="bbox 318 5036 1907 5117">
    <p class='ocr_par' dir='ltr' id='par_1_52' title="bbox 318 5036 1907 5117">
     <span class='ocr_line' id='line_1_52' title="bbox 318 5036 1907 5117; baseline 0.006 -26"><span class='ocrx_word' id='word_1_368' title='bbox 318 5036 608 5109; x_wconf 82' lang='grc' dir='ltr'>ἔμπλησον</span> <span class='ocrx_word' id='word_1_369' title='bbox 633 5037 791 5108; x_wconf 79' lang='grc' dir='ltr'>ἡμῶν</span> <span class='ocrx_word' id='word_1_370' title='bbox 819 5037 920 5109; x_wconf 81' lang='grc' dir='ltr'>τὴν</span> <span class='ocrx_word' id='word_1_371' title='bbox 940 5039 1254 5110; x_wconf 80' lang='grc' dir='ltr'>ἐπιθυμίαν.</span> <span class='ocrx_word' id='word_1_372' title='bbox 1285 5041 1358 5095; x_wconf 92' lang='grc' dir='ltr'>Οὑ</span> <span class='ocrx_word' id='word_1_373' title='bbox 1386 5043 1495 5114; x_wconf 79' lang='grc' dir='ltr'>γάρ</span> <span class='ocrx_word' id='word_1_374' title='bbox 1516 5043 1614 5115; x_wconf 82' lang='grc' dir='ltr'>τὴν</span> <span class='ocrx_word' id='word_1_375' title='bbox 1636 5046 1907 5117; x_wconf 89' lang='grc' dir='ltr'>τυχοῦσαν</span> 
     </span>
    </p>
   </div>
   <div class='ocr_carea' id='block_1_53' title="bbox 322 5129 1907 5213">
    <p class='ocr_par' dir='ltr' id='par_1_53' title="bbox 322 5129 1907 5213">
     <span class='ocr_line' id='line_1_53' title="bbox 322 5129 1907 5213; baseline 0.006 -29"><span class='ocrx_word' id='word_1_376' title='bbox 322 5129 735 5201; x_wconf 84' lang='grc' dir='ltr'>καρπωσόμεθα</span> <span class='ocrx_word' id='word_1_377' title='bbox 778 5130 1157 5201; x_wconf 88' lang='grc' dir='ltr'>παράκλησιν,</span> <span class='ocrx_word' id='word_1_378' title='bbox 1221 5131 1315 5185; x_wconf 72' lang='grc' dir='ltr'>καὶ</span> <span class='ocrx_word' id='word_1_379' title='bbox 1369 5133 1542 5188; x_wconf 89' lang='grc' dir='ltr'>ταῦτα</span> <span class='ocrx_word' id='word_1_380' title='bbox 1592 5137 1654 5199; x_wconf 71' lang='grc' dir='ltr'>ἐν</span> <span class='ocrx_word' id='word_1_381' title='bbox 1700 5140 1907 5213; x_wconf 83' lang='grc' dir='ltr'>ἐρημίᾳ</span> 
     </span>
    </p>
   </div>
   <div class='ocr_carea' id='block_1_54' title="bbox 318 5220 1907 5302">
    <p class='ocr_par' dir='ltr' id='par_1_54' title="bbox 318 5220 1907 5302">
     <span class='ocr_line' id='line_1_54' title="bbox 318 5220 1907 5302; baseline 0.008 -27"><span class='ocrx_word' id='word_1_382' title='bbox 318 5220 720 5292; x_wconf 84' lang='grc' dir='ltr'>διατρίϐοντες,</span> <span class='ocrx_word' id='word_1_383' title='bbox 767 5220 835 5276; x_wconf 84' lang='grc' dir='ltr'>ἂν</span> <span class='ocrx_word' id='word_1_384' title='bbox 868 5222 969 5293; x_wconf 85' lang='grc' dir='ltr'>τῆς</span> <span class='ocrx_word' id='word_1_385' title='bbox 1008 5222 1269 5293; x_wconf 79' lang='grc' dir='ltr'>ποθεινῆς</span> <span class='ocrx_word' id='word_1_386' title='bbox 1315 5240 1409 5277; x_wconf 92' lang='grc' dir='ltr'>σου</span> <span class='ocrx_word' id='word_1_387' title='bbox 1452 5227 1546 5281; x_wconf 78' lang='grc' dir='ltr'>καὶ</span> <span class='ocrx_word' id='word_1_388' title='bbox 1589 5228 1769 5302; x_wconf 71' lang='grc' dir='ltr'>ψυχῆς</span> <span class='ocrx_word' id='word_1_389' title='bbox 1813 5236 1907 5287; x_wconf 76' lang='grc' dir='ltr'>καὶ</span> 
     </span>
    </p>
   </div>
   <div class='ocr_carea' id='block_1_55' title="bbox 316 5313 1907 5395">
    <p class='ocr_par' dir='ltr' id='par_1_55' title="bbox 316 5313 1907 5395">
     <span class='ocr_line' id='line_1_55' title="bbox 316 5313 1907 5395; baseline 0.001 -29"><span class='ocrx_word' id='word_1_390' title='bbox 316 5313 513 5385; x_wconf 82' lang='grc' dir='ltr'>χειρὸς</span> <span class='ocrx_word' id='word_1_391' title='bbox 540 5313 822 5385; x_wconf 82' lang='grc' dir='ltr'>δεξώμεθα</span> <span class='ocrx_word' id='word_1_392' title='bbox 863 5313 1191 5385; x_wconf 88' lang='grc' dir='ltr'>γράμματα,</span> <span class='ocrx_word' id='word_1_393' title='bbox 1221 5317 1466 5389; x_wconf 75' lang='grc' dir='ltr'>περὶτῆς</span> <span class='ocrx_word' id='word_1_394' title='bbox 1496 5322 1594 5390; x_wconf 81' lang='grc' dir='ltr'>σῆς</span> <span class='ocrx_word' id='word_1_395' title='bbox 1627 5324 1907 5395; x_wconf 69' lang='grc' dir='ltr'>ἀπαγγέλ.</span> 
     </span>
    </p>
   </div>
   <div class='ocr_carea' id='block_1_56' title="bbox 317 5404 1531 5474">
    <p class='ocr_par' dir='ltr' id='par_1_56' title="bbox 317 5404 1531 5474">
     <span class='ocr_line' id='line_1_56' title="bbox 317 5404 1531 5474; baseline 0.003 -15"><span class='ocrx_word' id='word_1_396' title='bbox 317 5404 489 5459; x_wconf 79' lang='grc' dir='ltr'>λοντα</span> <span class='ocrx_word' id='word_1_397' title='bbox 516 5405 727 5474; x_wconf 83' lang='grc' dir='ltr'>ὑγείας,</span> <span class='ocrx_word' id='word_1_398' title='bbox 759 5406 854 5460; x_wconf 78' lang='grc' dir='ltr'>καὶ</span> <span class='ocrx_word' id='word_1_399' title='bbox 878 5406 972 5459; x_wconf 88' lang='grc' dir='ltr'>τοῦ</span> <span class='ocrx_word' id='word_1_400' title='bbox 1002 5407 1152 5462; x_wconf 76' lang='grc' dir='ltr'>οἴκου</span> <span class='ocrx_word' id='word_1_401' title='bbox 1189 5425 1281 5461; x_wconf 86' lang='grc' dir='ltr'>σου</span> <span class='ocrx_word' id='word_1_402' title='bbox 1311 5410 1531 5473; x_wconf 84' lang='grc' dir='ltr'>παντός.</span> 
     </span>
    </p>
   </div>
   <div class='ocr_carea' id='block_1_57' title="bbox 453 5493 1777 5567">
    <p class='ocr_par' dir='ltr' id='par_1_57' title="bbox 453 5493 1777 5567">
     <span class='ocr_line' id='line_1_57' title="bbox 453 5493 1777 5567; baseline 0.005 -21"><span class='ocrx_word' id='word_1_403' title='bbox 453 5493 604 5567; x_wconf 71' lang='grc'>[725]</span> <span class='ocrx_word' id='word_1_404' title='bbox 640 5497 831 5563; x_wconf 69' lang='grc' dir='ltr'>ΣΚΕΓ.</span> <span class='ocrx_word' id='word_1_405' title='bbox 870 5496 1191 5565; x_wconf 78' lang='grc' dir='ltr'>Μαρκιανῷ</span> <span class='ocrx_word' id='word_1_406' title='bbox 1228 5495 1327 5552; x_wconf 78' lang='grc' dir='ltr'>καί</span> <span class='ocrx_word' id='word_1_407' title='bbox 1366 5500 1777 5567; x_wconf 69' lang='grc' dir='ltr'>Μαρκελλίνῳ.</span> 
     </span>
    </p>
   </div>
   <div class='ocr_carea' id='block_1_58' title="bbox 409 5588 1909 5663">
    <p class='ocr_par' dir='ltr' id='par_1_58' title="bbox 409 5588 1909 5663">
     <span class='ocr_line' id='line_1_58' title="bbox 409 5588 1909 5663; baseline 0.005 -22"><span class='ocrx_word' id='word_1_408' title='bbox 409 5588 669 5642; x_wconf 86' lang='grc' dir='ltr'>Ἐλύσατε</span> <span class='ocrx_word' id='word_1_409' title='bbox 696 5590 827 5659; x_wconf 80' lang='grc' dir='ltr'>ἡμῖν</span> <span class='ocrx_word' id='word_1_410' title='bbox 854 5588 915 5641; x_wconf 89' lang='grc' dir='ltr'>τὸ</span> <span class='ocrx_word' id='word_1_411' title='bbox 952 5588 1205 5661; x_wconf 82' lang='grc' dir='ltr'>αἴνιγμα.</span> <span class='ocrx_word' id='word_1_412' title='bbox 1237 5590 1360 5643; x_wconf 77' lang='grc' dir='ltr'>’Ότι</span> <span class='ocrx_word' id='word_1_413' title='bbox 1382 5589 1493 5662; x_wconf 83' lang='grc' dir='ltr'>γὰρ</span> <span class='ocrx_word' id='word_1_414' title='bbox 1513 5591 1612 5644; x_wconf 87' lang='grc' dir='ltr'>οὐκ</span> <span class='ocrx_word' id='word_1_415' title='bbox 1640 5592 1798 5663; x_wconf 67' lang='grc' dir='ltr'>ἤρκει</span> <span class='ocrx_word' id='word_1_416' title='bbox 1830 5596 1909 5660; x_wconf 84' lang='grc' dir='ltr'>είς</span> 
     </span>
    </p>
   </div>
   <div class='ocr_carea' id='block_1_59' title="bbox 394 5730 1781 5821">
    <p class='ocr_par' dir='ltr' id='par_1_59' title="bbox 394 5730 1781 5821">
     <span class='ocr_line' id='line_1_59' title="bbox 394 5730 1781 5821; baseline 0.006 -30"><span class='ocrx_word' id='word_1_417' title='bbox 394 5730 415 5751; x_wconf 77' lang='grc'><strong>⁸</strong></span> <span class='ocrx_word' id='word_1_418' title='bbox 440 5741 478 5791; x_wconf 86' lang='grc' dir='ltr'>Τ</span> <span class='ocrx_word' id='word_1_419' title='bbox 483 5754 565 5821; x_wconf 63' lang='grc' dir='ltr'>τευ</span> <span class='ocrx_word' id='word_1_420' title='bbox 582 5756 697 5792; x_wconf 80' lang='lat' dir='ltr'>mss.</span> <span class='ocrx_word' id='word_1_421' title='bbox 723 5742 795 5791; x_wconf 84' lang='grc' dir='ltr'>ὅτι</span> <span class='ocrx_word' id='word_1_422' title='bbox 832 5743 884 5792; x_wconf 83' lang='grc' dir='ltr'>δέ</span> <span class='ocrx_word' id='word_1_423' title='bbox 907 5759 983 5792; x_wconf 89' lang='grc' dir='ltr'>σοι</span> <span class='ocrx_word' id='word_1_424' title='bbox 1002 5750 1086 5803; x_wconf 74' lang='grc' dir='ltr'>τῆς</span> <span class='ocrx_word' id='word_1_425' title='bbox 1107 5748 1259 5809; x_wconf 79' lang='grc' dir='ltr'>ψυχῆς</span> <span class='ocrx_word' id='word_1_426' title='bbox 1283 5749 1411 5809; x_wconf 85' lang='grc' dir='ltr'>μέλει</span> <span class='ocrx_word' id='word_1_427' title='bbox 1433 5754 1516 5807; x_wconf 80' lang='grc' dir='ltr'>τῆς</span> <span class='ocrx_word' id='word_1_428' title='bbox 1539 5756 1625 5809; x_wconf 79' lang='grc' dir='ltr'>σῆς</span> <span class='ocrx_word' id='word_1_429' title='bbox 1646 5752 1781 5812; x_wconf 81' lang='grc' dir='ltr'>μετά.</span> 
     </span>
    </p>
   </div>
   <div class='ocr_carea' id='block_1_60' title="bbox 1756 318 2153 379">
    <p class='ocr_par' dir='ltr' id='par_1_60' title="bbox 1756 318 2153 379">
     <span class='ocr_line' id='line_1_60' title="bbox 1756 318 2153 379; baseline -0.013 0"><span class='ocrx_word' id='word_1_430' title='bbox 1756 318 2153 379; x_wconf 66' lang='grc' dir='ltr'>ΕΡΙΞΤΟΜΕ.</span> 
     </span>
    </p>
   </div>
   <div class='ocr_carea' id='block_1_61' title="bbox 3476 313 3586 367">
    <p class='ocr_par' dir='ltr' id='par_1_61' title="bbox 3476 313 3586 367">
     <span class='ocr_line' id='line_1_61' title="bbox 3476 313 3586 367; baseline -0.009 0"><span class='ocrx_word' id='word_1_431' title='bbox 3476 313 3586 367; x_wconf 74' lang='grc' dir='ltr'>Ἰῦϐ</span> 
     </span>
    </p>
   </div>
   <div class='ocr_carea' id='block_1_62' title="bbox 2007 430 3586 512">
    <p class='ocr_par' dir='ltr' id='par_1_62' title="bbox 2007 430 3586 512">
     <span class='ocr_line' id='line_1_62' title="bbox 2007 430 3586 512; baseline -0.004 -19"><span class='ocrx_word' id='word_1_432' title='bbox 2007 440 2306 509; x_wconf 89' lang='grc' dir='ltr'>ἀπολογίαν</span> <span class='ocrx_word' id='word_1_433' title='bbox 2340 442 2374 512; x_wconf 81' lang='grc' dir='ltr'><strong>ἡ</strong></span> <span class='ocrx_word' id='word_1_434' title='bbox 2426 440 2721 511; x_wconf 76' lang='grc' dir='ltr'>ἐγκειμένη</span> <span class='ocrx_word' id='word_1_435' title='bbox 2767 438 2888 491; x_wconf 83' lang='grc' dir='ltr'>τότε</span> <span class='ocrx_word' id='word_1_436' title='bbox 2937 436 3232 508; x_wconf 73' lang='grc' dir='ltr'>πρόφασις,</span> <span class='ocrx_word' id='word_1_437' title='bbox 3281 433 3435 486; x_wconf 72' lang='grc' dir='ltr'>αὐτοὶ</span> <span class='ocrx_word' id='word_1_438' title='bbox 3486 430 3586 486; x_wconf 79' lang='grc' dir='ltr'>νῦν</span> 
     </span>
    </p>
   </div>
   <div class='ocr_carea' id='block_1_63' title="bbox 2004 523 3586 606">
    <p class='ocr_par' dir='ltr' id='par_1_63' title="bbox 2004 523 3586 606">
     <span class='ocr_line' id='line_1_63' title="bbox 2004 523 3586 606; baseline -0.009 -17"><span class='ocrx_word' id='word_1_439' title='bbox 2004 534 2336 606; x_wconf 69' lang='grc' dir='ltr'>ἐδηλώσατε,</span> <span class='ocrx_word' id='word_1_440' title='bbox 2363 535 2437 606; x_wconf 80' lang='grc' dir='ltr'>μὴ</span> <span class='ocrx_word' id='word_1_441' title='bbox 2462 532 3095 605; x_wconf 63' lang='grc' dir='ltr'>δεξάμενοιγράμματα,</span> <span class='ocrx_word' id='word_1_442' title='bbox 3115 528 3209 581; x_wconf 69' lang='grc' dir='ltr'>κοιλ⁸</span> <span class='ocrx_word' id='word_1_443' title='bbox 3235 525 3486 597; x_wconf 80' lang='grc' dir='ltr'>πρότεροι</span> <span class='ocrx_word' id='word_1_444' title='bbox 3505 523 3586 592; x_wconf 79' lang='grc' dir='ltr'>τῷ</span> 
     </span>
    </p>
   </div>
   <div class='ocr_carea' id='block_1_64' title="bbox 2003 618 3585 699">
    <p class='ocr_par' dir='ltr' id='par_1_64' title="bbox 2003 618 3585 699">
     <span class='ocr_line' id='line_1_64' title="bbox 2003 618 3585 699; baseline -0.006 -17"><span class='ocrx_word' id='word_1_445' title='bbox 2003 629 2237 699; x_wconf 73' lang='grc' dir='ltr'>γράφειν</span> <span class='ocrx_word' id='word_1_446' title='bbox 2269 627 2728 699; x_wconf 84' lang='grc' dir='ltr'>ἐπιπηδήσαντες.</span> <span class='ocrx_word' id='word_1_447' title='bbox 2770 623 3005 692; x_wconf 80' lang='grc' dir='ltr'>Τοιαύτη</span> <span class='ocrx_word' id='word_1_448' title='bbox 3039 621 3148 692; x_wconf 73' lang='grc' dir='ltr'>γὰρ</span> <span class='ocrx_word' id='word_1_449' title='bbox 3174 622 3272 691; x_wconf 81' lang='grc' dir='ltr'>τῆς</span> <span class='ocrx_word' id='word_1_450' title='bbox 3301 620 3521 690; x_wconf 87' lang='grc' dir='ltr'>ἀγάπης</span> <span class='ocrx_word' id='word_1_451' title='bbox 3546 618 3585 689; x_wconf 74' lang='grc' dir='ltr'><strong>ἠ</strong></span> 
     </span>
    </p>
   </div>
   <div class='ocr_carea' id='block_1_65' title="bbox 2002 709 3585 791">
    <p class='ocr_par' dir='ltr' id='par_1_65' title="bbox 2002 709 3585 791">
     <span class='ocr_line' id='line_1_65' title="bbox 2002 709 3585 791; baseline -0.008 -18"><span class='ocrx_word' id='word_1_452' title='bbox 2002 720 2194 791; x_wconf 81' lang='grc' dir='ltr'>φύσις⁰</span> <span class='ocrx_word' id='word_1_453' title='bbox 2239 720 2339 775; x_wconf 86' lang='grc' dir='ltr'>οὑκ</span> <span class='ocrx_word' id='word_1_454' title='bbox 2386 721 2638 789; x_wconf 87' lang='grc' dir='ltr'>ἀνέχεται</span> <span class='ocrx_word' id='word_1_455' title='bbox 2687 718 2864 788; x_wconf 82' lang='grc' dir='ltr'>σιγᾷν,</span> <span class='ocrx_word' id='word_1_456' title='bbox 2912 714 3051 769; x_wconf 91' lang='grc' dir='ltr'>ἀλλά</span> <span class='ocrx_word' id='word_1_457' title='bbox 3092 713 3196 767; x_wconf 78' lang='grc' dir='ltr'>κᾶν</span> <span class='ocrx_word' id='word_1_458' title='bbox 3244 709 3585 780; x_wconf 89' lang='grc' dir='ltr'>θρασύτητος</span> 
     </span>
    </p>
   </div>
   <div class='ocr_carea' id='block_1_66' title="bbox 2005 798 3587 883">
    <p class='ocr_par' dir='ltr' id='par_1_66' title="bbox 2005 798 3587 883">
     <span class='ocr_line' id='line_1_66' title="bbox 2005 798 3587 883; baseline -0.008 -19"><span class='ocrx_word' id='word_1_459' title='bbox 2005 811 2178 883; x_wconf 80' lang='grc' dir='ltr'>μέλλῃ</span> <span class='ocrx_word' id='word_1_460' title='bbox 2211 810 2515 883; x_wconf 85' lang='grc' dir='ltr'>κρίνεσθαι,</span> <span class='ocrx_word' id='word_1_461' title='bbox 2550 810 2611 862; x_wconf 87' lang='grc' dir='ltr'>τὸ</span> <span class='ocrx_word' id='word_1_462' title='bbox 2631 809 2802 879; x_wconf 80' lang='grc' dir='ltr'>αὐτῆς</span> <span class='ocrx_word' id='word_1_463' title='bbox 2837 806 3054 877; x_wconf 79' lang='grc' dir='ltr'>πληροῖ.</span> <span class='ocrx_word' id='word_1_464' title='bbox 3101 804 3290 873; x_wconf 84' lang='grc' dir='ltr'>Ἡμεῖς</span> <span class='ocrx_word' id='word_1_465' title='bbox 3316 802 3373 854; x_wconf 78' lang='grc' dir='ltr'>δὲ</span> <span class='ocrx_word' id='word_1_466' title='bbox 3397 798 3587 853; x_wconf 83' lang='grc' dir='ltr'>τοσοῦ-</span> 
     </span>
    </p>
   </div>
   <div class='ocr_carea' id='block_1_67' title="bbox 2000 892 3585 974">
    <p class='ocr_par' dir='ltr' id='par_1_67' title="bbox 2000 892 3585 974">
     <span class='ocr_line' id='line_1_67' title="bbox 2000 892 3585 974; baseline -0.008 -18"><span class='ocrx_word' id='word_1_467' title='bbox 2000 919 2093 956; x_wconf 89' lang='grc' dir='ltr'>τον</span> <span class='ocrx_word' id='word_1_468' title='bbox 2129 901 2406 974; x_wconf 57' lang='grc' dir='ltr'>ἀπέχομεν</span> <span class='ocrx_word' id='word_1_469' title='bbox 2432 900 2525 954; x_wconf 85' lang='grc' dir='ltr'>τοῦ</span> <span class='ocrx_word' id='word_1_470' title='bbox 2554 899 2871 972; x_wconf 68' lang='grc' dir='ltr'>γράψασθαι</span> <span class='ocrx_word' id='word_1_471' title='bbox 2901 899 3044 969; x_wconf 80' lang='grc' dir='ltr'>ὑμᾶς</span> <span class='ocrx_word' id='word_1_472' title='bbox 3081 895 3171 949; x_wconf 77' lang='grc' dir='ltr'>διὰ</span> <span class='ocrx_word' id='word_1_473' title='bbox 3200 895 3260 948; x_wconf 88' lang='grc' dir='ltr'>τὸ</span> <span class='ocrx_word' id='word_1_474' title='bbox 3282 892 3585 966; x_wconf 88' lang='grc' dir='ltr'>προτέρους</span> 
     </span>
    </p>
   </div>
   <div class='ocr_carea' id='block_1_68' title="bbox 2002 983 3586 1059">
    <p class='ocr_par' dir='ltr' id='par_1_68' title="bbox 2002 983 3586 1059">
     <span class='ocr_line' id='line_1_68' title="bbox 2002 983 3586 1059; baseline -0.008 -13"><span class='ocrx_word' id='word_1_475' title='bbox 2002 993 2326 1057; x_wconf 72' lang='grc' dir='ltr'>ἐπιστεῖλαι,</span> <span class='ocrx_word' id='word_1_476' title='bbox 2362 994 2443 1047; x_wconf 84' lang='grc' dir='ltr'>ὅτι</span> <span class='ocrx_word' id='word_1_477' title='bbox 2488 991 2582 1046; x_wconf 74' lang='grc' dir='ltr'>καὶ</span> <span class='ocrx_word' id='word_1_478' title='bbox 2627 988 3002 1059; x_wconf 72' lang='grc' dir='ltr'>στεφανοῦμεν</span> <span class='ocrx_word' id='word_1_479' title='bbox 3043 988 3183 1058; x_wconf 87' lang='grc' dir='ltr'>ὑπὲρ</span> <span class='ocrx_word' id='word_1_480' title='bbox 3236 986 3451 1046; x_wconf 92' lang='grc' dir='ltr'>τούτου,</span> <span class='ocrx_word' id='word_1_481' title='bbox 3490 983 3586 1035; x_wconf 80' lang='grc' dir='ltr'>καὶ</span> 
     </span>
    </p>
   </div>
   <div class='ocr_carea' id='block_1_69' title="bbox 2002 1076 3586 1158">
    <p class='ocr_par' dir='ltr' id='par_1_69' title="bbox 2002 1076 3586 1158">
     <span class='ocr_line' id='line_1_69' title="bbox 2002 1076 3586 1158; baseline -0.008 -18"><span class='ocrx_word' id='word_1_482' title='bbox 2002 1085 2474 1158; x_wconf 79' lang='grc' dir='ltr'>ἀνακηρύττομεν,</span> <span class='ocrx_word' id='word_1_483' title='bbox 2498 1085 2592 1139; x_wconf 75' lang='grc' dir='ltr'>καὶ</span> <span class='ocrx_word' id='word_1_484' title='bbox 2613 1084 2708 1138; x_wconf 85' lang='grc' dir='ltr'>νῦν</span> <span class='ocrx_word' id='word_1_485' title='bbox 2740 1083 2973 1154; x_wconf 85' lang='grc' dir='ltr'>μάλιστα</span> <span class='ocrx_word' id='word_1_486' title='bbox 2993 1082 3121 1143; x_wconf 79' lang='grc' dir='ltr'>τοὺς</span> <span class='ocrx_word' id='word_1_487' title='bbox 3145 1079 3402 1151; x_wconf 84' lang='grc' dir='ltr'>γνησίους</span> <span class='ocrx_word' id='word_1_488' title='bbox 3427 1076 3586 1148; x_wconf 81' lang='grc' dir='ltr'>ἡμῶν</span> 
     </span>
    </p>
   </div>
   <div class='ocr_carea' id='block_1_70' title="bbox 2003 1168 3586 1249">
    <p class='ocr_par' dir='ltr' id='par_1_70' title="bbox 2003 1168 3586 1249">
     <span class='ocr_line' id='line_1_70' title="bbox 2003 1168 3586 1249; baseline -0.006 -19"><span class='ocrx_word' id='word_1_489' title='bbox 2003 1178 2251 1249; x_wconf 76' lang='grc' dir='ltr'>ἔγνωμεν</span> <span class='ocrx_word' id='word_1_490' title='bbox 2288 1176 2545 1248; x_wconf 76' lang='grc' dir='ltr'>ἐραστὰς,</span> <span class='ocrx_word' id='word_1_491' title='bbox 2581 1178 2682 1229; x_wconf 87' lang='grc' dir='ltr'>οὐκ</span> <span class='ocrx_word' id='word_1_492' title='bbox 2725 1175 2836 1231; x_wconf 86' lang='grc' dir='ltr'>ἀπὸ</span> <span class='ocrx_word' id='word_1_493' title='bbox 2862 1174 2957 1229; x_wconf 85' lang='grc' dir='ltr'>τοῦ</span> <span class='ocrx_word' id='word_1_494' title='bbox 2987 1174 3195 1244; x_wconf 70' lang='grc' dir='ltr'>γράψαι</span> <span class='ocrx_word' id='word_1_495' title='bbox 3231 1173 3410 1242; x_wconf 85' lang='grc' dir='ltr'>μόνον,</span> <span class='ocrx_word' id='word_1_496' title='bbox 3448 1168 3586 1222; x_wconf 89' lang='grc' dir='ltr'>ἀλλά</span> 
     </span>
    </p>
   </div>
   <div class='ocr_carea' id='block_1_71' title="bbox 2003 1263 3584 1343">
    <p class='ocr_par' dir='ltr' id='par_1_71' title="bbox 2003 1263 3584 1343">
     <span class='ocr_line' id='line_1_71' title="bbox 2003 1263 3584 1343; baseline -0.008 -18"><span class='ocrx_word' id='word_1_497' title='bbox 2003 1272 2099 1325; x_wconf 77' lang='grc' dir='ltr'>καὶ</span> <span class='ocrx_word' id='word_1_498' title='bbox 2130 1270 2239 1325; x_wconf 87' lang='grc' dir='ltr'>ἀπὸ</span> <span class='ocrx_word' id='word_1_499' title='bbox 2264 1270 2360 1325; x_wconf 88' lang='grc' dir='ltr'>τοῦ</span> <span class='ocrx_word' id='word_1_500' title='bbox 2389 1271 2687 1343; x_wconf 87' lang='grc' dir='ltr'>προτέρους</span> <span class='ocrx_word' id='word_1_501' title='bbox 2714 1268 2945 1341; x_wconf 63' lang='grc' dir='ltr'>γράψαι.</span> <span class='ocrx_word' id='word_1_502' title='bbox 2979 1266 3182 1329; x_wconf 80' lang='grc' dir='ltr'>Ἱκανὸς</span> <span class='ocrx_word' id='word_1_503' title='bbox 3204 1265 3260 1318; x_wconf 81' lang='grc' dir='ltr'>δὲ</span> <span class='ocrx_word' id='word_1_504' title='bbox 3282 1266 3310 1317; x_wconf 83' lang='grc' dir='ltr'>ὁ</span> <span class='ocrx_word' id='word_1_505' title='bbox 3337 1263 3467 1326; x_wconf 79' lang='grc' dir='ltr'>Θεὸς</span> <span class='ocrx_word' id='word_1_506' title='bbox 3489 1264 3584 1314; x_wconf 78' lang='grc' dir='ltr'>καὶ</span> 
     </span>
    </p>
   </div>
   <div class='ocr_carea' id='block_1_72' title="bbox 2001 1352 3585 1436">
    <p class='ocr_par' dir='ltr' id='par_1_72' title="bbox 2001 1352 3585 1436">
     <span class='ocr_line' id='line_1_72' title="bbox 2001 1352 3585 1436; baseline -0.008 -19"><span class='ocrx_word' id='word_1_507' title='bbox 2001 1366 2102 1436; x_wconf 84' lang='grc' dir='ltr'>τῆς</span> <span class='ocrx_word' id='word_1_508' title='bbox 2136 1364 2447 1436; x_wconf 73' lang='grc' dir='ltr'>ἀρρωστίας</span> <span class='ocrx_word' id='word_1_509' title='bbox 2483 1364 2627 1435; x_wconf 80' lang='grc' dir='ltr'>ὑμᾶς</span> <span class='ocrx_word' id='word_1_510' title='bbox 2657 1361 2988 1426; x_wconf 83' lang='grc' dir='ltr'>ἀπαλλάξαι,</span> <span class='ocrx_word' id='word_1_511' title='bbox 3023 1358 3121 1412; x_wconf 74' lang='grc' dir='ltr'>καὶ</span> <span class='ocrx_word' id='word_1_512' title='bbox 3167 1356 3304 1430; x_wconf 82' lang='grc' dir='ltr'>πρὸς</span> <span class='ocrx_word' id='word_1_513' title='bbox 3337 1352 3585 1424; x_wconf 81' lang='grc' dir='ltr'>καθαρὰν</span> 
     </span>
    </p>
   </div>
   <div class='ocr_carea' id='block_1_73' title="bbox 2006 1447 3587 1527">
    <p class='ocr_par' dir='ltr' id='par_1_73' title="bbox 2006 1447 3587 1527">
     <span class='ocr_line' id='line_1_73' title="bbox 2006 1447 3587 1527; baseline -0.008 -17"><span class='ocrx_word' id='word_1_514' title='bbox 2006 1457 2196 1527; x_wconf 87' lang='grc' dir='ltr'>ὑγείαν</span> <span class='ocrx_word' id='word_1_515' title='bbox 2221 1458 2611 1525; x_wconf 87' lang='grc' dir='ltr'>ἐπαναγαγεῖν,</span> <span class='ocrx_word' id='word_1_516' title='bbox 2644 1455 2738 1509; x_wconf 76' lang='grc' dir='ltr'>καὶ</span> <span class='ocrx_word' id='word_1_517' title='bbox 2766 1452 2952 1508; x_wconf 87' lang='grc' dir='ltr'>δοῦναι</span> <span class='ocrx_word' id='word_1_518' title='bbox 2978 1451 3230 1505; x_wconf 91' lang='grc' dir='ltr'>εὐκολίαν</span> <span class='ocrx_word' id='word_1_519' title='bbox 3265 1448 3462 1517; x_wconf 81' lang='grc' dir='ltr'>πολλὴν</span> <span class='ocrx_word' id='word_1_520' title='bbox 3493 1447 3587 1498; x_wconf 79' lang='grc' dir='ltr'>καὶ</span> 
     </span>
    </p>
   </div>
   <div class='ocr_carea' id='block_1_74' title="bbox 2004 1535 3588 1618">
    <p class='ocr_par' dir='ltr' id='par_1_74' title="bbox 2004 1535 3588 1618">
     <span class='ocr_line' id='line_1_74' title="bbox 2004 1535 3588 1618; baseline -0.008 -17"><span class='ocrx_word' id='word_1_521' title='bbox 2004 1547 2104 1618; x_wconf 80' lang='grc' dir='ltr'>τῆς</span> <span class='ocrx_word' id='word_1_522' title='bbox 2130 1547 2250 1601; x_wconf 87' lang='grc' dir='ltr'>κατ’</span> <span class='ocrx_word' id='word_1_523' title='bbox 2280 1546 2408 1617; x_wconf 59' lang='lat' dir='ltr'>Mm)</span> <span class='ocrx_word' id='word_1_524' title='bbox 2452 1548 2583 1618; x_wconf 80' lang='grc' dir='ltr'>ἡμῖν</span> <span class='ocrx_word' id='word_1_525' title='bbox 2633 1543 2954 1607; x_wconf 48' lang='grc' dir='ltr'>συνουσίας</span> <span class='ocrx_word' id='word_1_526' title='bbox 2992 1539 3181 1611; x_wconf 83' lang='grc' dir='ltr'>ἱκανὴν</span> <span class='ocrx_word' id='word_1_527' title='bbox 3229 1538 3327 1610; x_wconf 80' lang='grc' dir='ltr'>μὲν</span> <span class='ocrx_word' id='word_1_528' title='bbox 3357 1536 3452 1590; x_wconf 75' lang='grc' dir='ltr'>καὶ</span> <span class='ocrx_word' id='word_1_529' title='bbox 3490 1535 3588 1588; x_wconf 91' lang='grc' dir='ltr'>νῦν</span> 
     </span>
    </p>
   </div>
   <div class='ocr_carea' id='block_1_75' title="bbox 2006 1627 3587 1712">
    <p class='ocr_par' dir='ltr' id='par_1_75' title="bbox 2006 1627 3587 1712">
     <span class='ocr_line' id='line_1_75' title="bbox 2006 1627 3587 1712; baseline -0.008 -20"><span class='ocrx_word' id='word_1_530' title='bbox 2006 1638 2371 1712; x_wconf 86' lang='grc' dir='ltr'>καρπούμεθα</span> <span class='ocrx_word' id='word_1_531' title='bbox 2419 1636 2768 1710; x_wconf 86' lang='grc' dir='ltr'>παράκλησιν</span> <span class='ocrx_word' id='word_1_532' title='bbox 2816 1635 2924 1689; x_wconf 82' lang='grc' dir='ltr'>ἀπὸ</span> <span class='ocrx_word' id='word_1_533' title='bbox 2953 1633 3185 1703; x_wconf 89' lang='grc' dir='ltr'>γνησίας</span> <span class='ocrx_word' id='word_1_534' title='bbox 3235 1630 3376 1683; x_wconf 81' lang='grc' dir='ltr'>οὑτω</span> <span class='ocrx_word' id='word_1_535' title='bbox 3407 1627 3587 1698; x_wconf 82' lang='grc' dir='ltr'>ψυχῆς</span> 
     </span>
    </p>
   </div>
   <div class='ocr_carea' id='block_1_76' title="bbox 2005 1715 3589 1800">
    <p class='ocr_par' dir='ltr' id='par_1_76' title="bbox 2005 1715 3589 1800">
     <span class='ocr_line' id='line_1_76' title="bbox 2005 1715 3589 1800; baseline -0.008 -17"><span class='ocrx_word' id='word_1_536' title='bbox 2005 1729 2282 1800; x_wconf 83' lang='grc' dir='ltr'>δεχόμενοι</span> <span class='ocrx_word' id='word_1_537' title='bbox 2327 1729 2668 1800; x_wconf 87' lang='grc' dir='ltr'>γράμματα·</span> <span class='ocrx_word' id='word_1_538' title='bbox 2712 1722 3088 1794; x_wconf 88' lang='grc' dir='ltr'>ἐπιθυμοῦμεν</span> <span class='ocrx_word' id='word_1_539' title='bbox 3135 1721 3192 1774; x_wconf 86' lang='grc' dir='ltr'>δὲ</span> <span class='ocrx_word' id='word_1_540' title='bbox 3240 1719 3334 1774; x_wconf 69' lang='grc' dir='ltr'>καὶ</span> <span class='ocrx_word' id='word_1_541' title='bbox 3369 1715 3589 1786; x_wconf 85' lang='grc' dir='ltr'>ἐκείνης</span> 
     </span>
    </p>
   </div>
   <div class='ocr_carea' id='block_1_77' title="bbox 2001 1810 3589 1894">
    <p class='ocr_par' dir='ltr' id='par_1_77' title="bbox 2001 1810 3589 1894">
     <span class='ocr_line' id='line_1_77' title="bbox 2001 1810 3589 1894; baseline -0.009 -18"><span class='ocrx_word' id='word_1_542' title='bbox 2001 1822 2102 1894; x_wconf 78' lang='grc' dir='ltr'>τῆς</span> <span class='ocrx_word' id='word_1_543' title='bbox 2140 1821 2450 1892; x_wconf 84' lang='grc' dir='ltr'>συντυχίας,</span> <span class='ocrx_word' id='word_1_544' title='bbox 2475 1817 2544 1893; x_wconf 81' lang='grc' dir='ltr'>ἧς</span> <span class='ocrx_word' id='word_1_545' title='bbox 2574 1819 2788 1890; x_wconf 90' lang='grc' dir='ltr'>γένοιτο</span> <span class='ocrx_word' id='word_1_546' title='bbox 2821 1816 2961 1889; x_wconf 87' lang='grc' dir='ltr'>μετά</span> <span class='ocrx_word' id='word_1_547' title='bbox 3010 1811 3205 1869; x_wconf 89' lang='grc' dir='ltr'>πολλοῦ</span> <span class='ocrx_word' id='word_1_548' title='bbox 3250 1810 3346 1866; x_wconf 92' lang='grc' dir='ltr'>τοῦ</span> <span class='ocrx_word' id='word_1_549' title='bbox 3390 1810 3589 1881; x_wconf 85' lang='grc' dir='ltr'>τάχους</span> 
     </span>
    </p>
   </div>
   <div class='ocr_carea' id='block_1_78' title="bbox 2004 1904 3591 1986">
    <p class='ocr_par' dir='ltr' id='par_1_78' title="bbox 2004 1904 3591 1986">
     <span class='ocr_line' id='line_1_78' title="bbox 2004 1904 3591 1986; baseline -0.01 -17"><span class='ocrx_word' id='word_1_550' title='bbox 2004 1916 2153 1986; x_wconf 81' lang='grc' dir='ltr'>ἡμᾶς</span> <span class='ocrx_word' id='word_1_551' title='bbox 2223 1913 2567 1979; x_wconf 87' lang='grc' dir='ltr'>ἀπολαῦσαι,</span> <span class='ocrx_word' id='word_1_552' title='bbox 2635 1910 2780 1966; x_wconf 83' lang='grc' dir='ltr'>ὥστε</span> <span class='ocrx_word' id='word_1_553' title='bbox 2812 1908 3099 1983; x_wconf 86' lang='grc' dir='ltr'>’μεγίστην</span> <span class='ocrx_word' id='word_1_554' title='bbox 3155 1906 3303 1977; x_wconf 77' lang='grc' dir='ltr'>ἡμᾶς</span> <span class='ocrx_word' id='word_1_555' title='bbox 3360 1904 3591 1973; x_wconf 88' lang='grc' dir='ltr'>ἀγαγεῖν.</span> 
     </span>
    </p>
   </div>
   <div class='ocr_carea' id='block_1_79' title="bbox 2004 2008 2217 2080">
    <p class='ocr_par' dir='ltr' id='par_1_79' title="bbox 2004 2008 2217 2080">
     <span class='ocr_line' id='line_1_79' title="bbox 2004 2008 2217 2080; baseline 0.009 -20"><span class='ocrx_word' id='word_1_556' title='bbox 2004 2008 2217 2080; x_wconf 82' lang='grc' dir='ltr'>ἐορτήν.</span> 
     </span>
    </p>
   </div>
   <div class='ocr_carea' id='block_1_80' title="bbox 2524 2097 3049 2166">
    <p class='ocr_par' dir='ltr' id='par_1_80' title="bbox 2524 2097 3049 2166">
     <span class='ocr_line' id='line_1_80' title="bbox 2524 2097 3049 2166; baseline -0.011 -11"><span class='ocrx_word' id='word_1_557' title='bbox 2524 2102 2702 2155; x_wconf 67' lang='grc' dir='ltr'>ΣΚΖν.</span> <span class='ocrx_word' id='word_1_558' title='bbox 2742 2097 3049 2166; x_wconf 69' lang='grc' dir='ltr'>Καρτερία.</span> 
     </span>
    </p>
   </div>
   <div class='ocr_carea' id='block_1_81' title="bbox 2075 2182 3591 2266">
    <p class='ocr_par' dir='ltr' id='par_1_81' title="bbox 2075 2182 3591 2266">
     <span class='ocr_line' id='line_1_81' title="bbox 2075 2182 3591 2266; baseline -0.01 -18"><span class='ocrx_word' id='word_1_559' title='bbox 2075 2195 2142 2249; x_wconf 90' lang='grc' dir='ltr'>Τί</span> <span class='ocrx_word' id='word_1_560' title='bbox 2175 2195 2311 2266; x_wconf 81' lang='grc' dir='ltr'>φής;</span> <span class='ocrx_word' id='word_1_561' title='bbox 2365 2194 2433 2247; x_wconf 84' lang='grc' dir='ltr'><strong>Αἱ</strong></span> <span class='ocrx_word' id='word_1_562' title='bbox 2477 2195 2722 2264; x_wconf 86' lang='grc' dir='ltr'>συνεχεῖς</span> <span class='ocrx_word' id='word_1_563' title='bbox 2751 2190 3054 2264; x_wconf 78' lang='grc' dir='ltr'>ἀρρωστίαι</span> <span class='ocrx_word' id='word_1_564' title='bbox 3092 2189 3152 2241; x_wconf 87' lang='grc' dir='ltr'>οὐ</span> <span class='ocrx_word' id='word_1_565' title='bbox 3203 2182 3591 2257; x_wconf 87' lang='grc' dir='ltr'>συνεχώρησάν</span> 
     </span>
    </p>
   </div>
   <div class='ocr_carea' id='block_1_82' title="bbox 2008 2279 3596 2358">
    <p class='ocr_par' dir='ltr' id='par_1_82' title="bbox 2008 2279 3596 2358">
     <span class='ocr_line' id='line_1_82' title="bbox 2008 2279 3596 2358; baseline -0.006 -18"><span class='ocrx_word' id='word_1_566' title='bbox 2008 2304 2090 2341; x_wconf 91' lang='grc' dir='ltr'>σοι</span> <span class='ocrx_word' id='word_1_567' title='bbox 2120 2285 2526 2358; x_wconf 77' lang='grc' dir='ltr'>παραγενέσθαι</span> <span class='ocrx_word' id='word_1_568' title='bbox 2557 2285 2694 2357; x_wconf 88' lang='grc' dir='ltr'>πρὸς</span> <span class='ocrx_word' id='word_1_569' title='bbox 2732 2285 2916 2355; x_wconf 86' lang='grc' dir='ltr'>ήμᾶς;</span> <span class='ocrx_word' id='word_1_570' title='bbox 2960 2282 3155 2337; x_wconf 88' lang='grc' dir='ltr'>Καίτοι</span> <span class='ocrx_word' id='word_1_571' title='bbox 3180 2279 3596 2351; x_wconf 70' lang='grc' dir='ltr'>παραγέγονας.</span> 
     </span>
    </p>
   </div>
   <div class='ocr_carea' id='block_1_83' title="bbox 2005 2368 3590 2452">
    <p class='ocr_par' dir='ltr' id='par_1_83' title="bbox 2005 2368 3590 2452">
     <span class='ocr_line' id='line_1_83' title="bbox 2005 2368 3590 2452; baseline -0.01 -17"><span class='ocrx_word' id='word_1_572' title='bbox 2005 2381 2102 2435; x_wconf 77' lang='grc' dir='ltr'>καὶ</span> <span class='ocrx_word' id='word_1_573' title='bbox 2144 2380 2263 2452; x_wconf 89' lang='grc' dir='ltr'>μεθ’</span> <span class='ocrx_word' id='word_1_574' title='bbox 2293 2378 2453 2450; x_wconf 84' lang='grc' dir='ltr'>ἡμῶν</span> <span class='ocrx_word' id='word_1_575' title='bbox 2497 2375 2569 2442; x_wconf 74' lang='grc' dir='ltr'>εἴ,</span> <span class='ocrx_word' id='word_1_576' title='bbox 2609 2379 2705 2432; x_wconf 76' lang='grc' dir='ltr'>καὶ</span> <span class='ocrx_word' id='word_1_577' title='bbox 2735 2377 2843 2431; x_wconf 89' lang='grc' dir='ltr'>ἀπὸ</span> <span class='ocrx_word' id='word_1_578' title='bbox 2871 2376 2970 2447; x_wconf 88' lang='grc' dir='ltr'>τῆς</span> <span class='ocrx_word' id='word_1_579' title='bbox 2998 2372 3225 2446; x_wconf 85' lang='grc' dir='ltr'>γνώμης</span> <span class='ocrx_word' id='word_1_580' title='bbox 3255 2388 3349 2425; x_wconf 93' lang='grc' dir='ltr'>σου</span> <span class='ocrx_word' id='word_1_581' title='bbox 3389 2368 3452 2422; x_wconf 91' lang='grc' dir='ltr'>τὸ</span> <span class='ocrx_word' id='word_1_582' title='bbox 3482 2369 3590 2422; x_wconf 79' lang='grc' dir='ltr'>πᾶν</span> 
     </span>
    </p>
   </div>
   <div class='ocr_carea' id='block_1_84' title="bbox 2006 2459 3600 2542">
    <p class='ocr_par' dir='ltr' id='par_1_84' title="bbox 2006 2459 3600 2542">
     <span class='ocr_line' id='line_1_84' title="bbox 2006 2459 3600 2542; baseline -0.007 -17"><span class='ocrx_word' id='word_1_583' title='bbox 2006 2470 2419 2542; x_wconf 81' lang='grc' dir='ltr'>ἀπειλήφαμεν,</span> <span class='ocrx_word' id='word_1_584' title='bbox 2456 2469 2553 2524; x_wconf 70' lang='grc' dir='ltr'>καὶ</span> <span class='ocrx_word' id='word_1_585' title='bbox 2574 2468 2730 2523; x_wconf 88' lang='grc' dir='ltr'>οὐδέν</span> <span class='ocrx_word' id='word_1_586' title='bbox 2758 2480 2842 2522; x_wconf 88' lang='grc' dir='ltr'>σοι</span> <span class='ocrx_word' id='word_1_587' title='bbox 2878 2468 3019 2538; x_wconf 86' lang='grc' dir='ltr'>ὑπὲρ</span> <span class='ocrx_word' id='word_1_588' title='bbox 3046 2465 3250 2519; x_wconf 82' lang='grc' dir='ltr'>τούτων</span> <span class='ocrx_word' id='word_1_589' title='bbox 3296 2459 3600 2529; x_wconf 78' lang='grc' dir='ltr'>ἀπολογίας</span> 
     </span>
    </p>
   </div>
   <div class='ocr_carea' id='block_1_85' title="bbox 2006 2554 3590 2635">
    <p class='ocr_par' dir='ltr' id='par_1_85' title="bbox 2006 2554 3590 2635">
     <span class='ocr_line' id='line_1_85' title="bbox 2006 2554 3590 2635; baseline -0.007 -17"><span class='ocrx_word' id='word_1_590' title='bbox 2006 2564 2107 2619; x_wconf 86' lang='grc' dir='ltr'>δεῖ.</span> <span class='ocrx_word' id='word_1_591' title='bbox 2160 2565 2351 2635; x_wconf 85' lang='grc' dir='ltr'>Ἀρκεῖ</span> <span class='ocrx_word' id='word_1_592' title='bbox 2377 2563 2485 2635; x_wconf 86' lang='grc' dir='ltr'>γάρ</span> <span class='ocrx_word' id='word_1_593' title='bbox 2522 2564 2555 2635; x_wconf 83' lang='grc' dir='ltr'>ὴ</span> <span class='ocrx_word' id='word_1_594' title='bbox 2589 2562 2767 2635; x_wconf 89' lang='grc' dir='ltr'>θερμή</span> <span class='ocrx_word' id='word_1_595' title='bbox 2809 2578 2903 2614; x_wconf 92' lang='grc' dir='ltr'>σου</span> <span class='ocrx_word' id='word_1_596' title='bbox 2952 2560 3048 2614; x_wconf 67' lang='grc' dir='ltr'>καὶ</span> <span class='ocrx_word' id='word_1_597' title='bbox 3076 2557 3276 2629; x_wconf 90' lang='grc' dir='ltr'>γνησία</span> <span class='ocrx_word' id='word_1_598' title='bbox 3310 2554 3590 2625; x_wconf 73' lang='grc' dir='ltr'>ἀγάπη,’ή</span> 
     </span>
    </p>
   </div>
   <div class='ocr_carea' id='block_1_86' title="bbox 2006 2645 3590 2726">
    <p class='ocr_par' dir='ltr' id='par_1_86' title="bbox 2006 2645 3590 2726">
     <span class='ocr_line' id='line_1_86' title="bbox 2006 2645 3590 2726; baseline -0.006 -19"><span class='ocrx_word' id='word_1_599' title='bbox 2006 2654 2181 2719; x_wconf 81' lang='grc' dir='ltr'>οὑτως</span> <span class='ocrx_word' id='word_1_600' title='bbox 2211 2656 2536 2726; x_wconf 78' lang='grc' dir='ltr'>ἀκμάζουσα</span> <span class='ocrx_word' id='word_1_601' title='bbox 2564 2652 2847 2726; x_wconf 86' lang='grc' dir='ltr'>διηνεκῶς,</span> <span class='ocrx_word' id='word_1_602' title='bbox 2879 2652 3000 2706; x_wconf 70' lang='grc' dir='ltr'>ἀντὶ</span> <span class='ocrx_word' id='word_1_603' title='bbox 3020 2650 3221 2722; x_wconf 82' lang='grc' dir='ltr'>πολλῆς</span> <span class='ocrx_word' id='word_1_604' title='bbox 3253 2645 3590 2718; x_wconf 80' lang='grc' dir='ltr'>εὐφροσύνης</span> 
     </span>
    </p>
   </div>
   <div class='ocr_carea' id='block_1_87' title="bbox 2008 2736 3592 2819">
    <p class='ocr_par' dir='ltr' id='par_1_87' title="bbox 2008 2736 3592 2819">
     <span class='ocr_line' id='line_1_87' title="bbox 2008 2736 3592 2819; baseline -0.009 -17"><span class='ocrx_word' id='word_1_605' title='bbox 2008 2748 2141 2819; x_wconf 78' lang='grc' dir='ltr'>ἡμῖν</span> <span class='ocrx_word' id='word_1_606' title='bbox 2187 2746 2466 2816; x_wconf 85' lang='grc' dir='ltr'>γενέσθαι.</span> <span class='ocrx_word' id='word_1_607' title='bbox 2514 2745 2655 2799; x_wconf 80' lang='grc' dir='ltr'>Ἀλλ’</span> <span class='ocrx_word' id='word_1_608' title='bbox 2696 2743 2884 2815; x_wconf 84' lang='grc' dir='ltr'>ἐπειδὴ</span> <span class='ocrx_word' id='word_1_609' title='bbox 2934 2743 3034 2797; x_wconf 86' lang='grc' dir='ltr'>οὐκ</span> <span class='ocrx_word' id='word_1_610' title='bbox 3066 2743 3146 2805; x_wconf 81' lang='grc' dir='ltr'>εἰς</span> <span class='ocrx_word' id='word_1_611' title='bbox 3178 2740 3277 2811; x_wconf 83' lang='grc' dir='ltr'>τὴν</span> <span class='ocrx_word' id='word_1_612' title='bbox 3320 2736 3592 2809; x_wconf 86' lang='grc' dir='ltr'>τυχοῦσαν</span> 
     </span>
    </p>
   </div>
   <div class='ocr_carea' id='block_1_88' title="bbox 2009 2828 3595 2911">
    <p class='ocr_par' dir='ltr' id='par_1_88' title="bbox 2009 2828 3595 2911">
     <span class='ocr_line' id='line_1_88' title="bbox 2009 2828 3595 2911; baseline -0.008 -18"><span class='ocrx_word' id='word_1_613' title='bbox 2009 2839 2264 2909; x_wconf 80' lang='grc' dir='ltr'>φροντίδα</span> <span class='ocrx_word' id='word_1_614' title='bbox 2282 2840 2431 2911; x_wconf 80' lang='grc' dir='ltr'>ἡμᾶς</span> <span class='ocrx_word' id='word_1_615' title='bbox 2455 2838 2725 2901; x_wconf 86' lang='grc' dir='ltr'>ἐνέϐαλες,</span> <span class='ocrx_word' id='word_1_616' title='bbox 2754 2835 3005 2908; x_wconf 75' lang='grc' dir='ltr'>περὶτῆς</span> <span class='ocrx_word' id='word_1_617' title='bbox 3031 2832 3342 2908; x_wconf 76' lang='grc' dir='ltr'>ἀρρωστίας</span> <span class='ocrx_word' id='word_1_618' title='bbox 3364 2828 3595 2885; x_wconf 79' lang='grc' dir='ltr'>εἰποῦσα</span> 
     </span>
    </p>
   </div>
   <div class='ocr_carea' id='block_1_89' title="bbox 2007 2928 3594 3004">
    <p class='ocr_par' dir='ltr' id='par_1_89' title="bbox 2007 2928 3594 3004">
     <span class='ocr_line' id='line_1_89' title="bbox 2007 2928 3594 3004; baseline -0.006 -17"><span class='ocrx_word' id='word_1_619' title='bbox 2007 2935 2106 3004; x_wconf 80' lang='grc' dir='ltr'>τῆς</span> <span class='ocrx_word' id='word_1_620' title='bbox 2143 2933 2266 3004; x_wconf 80' lang='grc' dir='ltr'>σῆς,</span> <span class='ocrx_word' id='word_1_621' title='bbox 2318 2932 2373 2986; x_wconf 81' lang='grc' dir='ltr'>εἴ</span> <span class='ocrx_word' id='word_1_622' title='bbox 2408 2949 2473 3001; x_wconf 89' lang='grc' dir='ltr'>γε</span> <span class='ocrx_word' id='word_1_623' title='bbox 2506 2931 2711 3002; x_wconf 85' lang='grc' dir='ltr'>ταύτης</span> <span class='ocrx_word' id='word_1_624' title='bbox 2757 2929 3133 3000; x_wconf 86' lang='grc' dir='ltr'>ἀπαλλαγείης</span> <span class='ocrx_word' id='word_1_625' title='bbox 3177 2930 3384 2999; x_wconf 79' lang='grc' dir='ltr'>(ἱκανὸς</span> <span class='ocrx_word' id='word_1_626' title='bbox 3430 2928 3538 2999; x_wconf 78' lang='grc' dir='ltr'>γὰρ</span> <span class='ocrx_word' id='word_1_627' title='bbox 3565 2930 3594 2978; x_wconf 85' lang='grc' dir='ltr'>ὸ</span> 
     </span>
    </p>
   </div>
   <div class='ocr_carea' id='block_1_90' title="bbox 2009 3020 3593 3094">
    <p class='ocr_par' dir='ltr' id='par_1_90' title="bbox 2009 3020 3593 3094">
     <span class='ocr_line' id='line_1_90' title="bbox 2009 3020 3593 3094; baseline -0.007 -13"><span class='ocrx_word' id='word_1_628' title='bbox 2009 3028 2142 3091; x_wconf 84' lang='grc' dir='ltr'>Θεὸς</span> <span class='ocrx_word' id='word_1_629' title='bbox 2173 3025 2482 3091; x_wconf 77' lang='grc' dir='ltr'>ἀπαλλάξαι</span> <span class='ocrx_word' id='word_1_630' title='bbox 2521 3041 2604 3087; x_wconf 89' lang='grc' dir='ltr'>σε,</span> <span class='ocrx_word' id='word_1_631' title='bbox 2642 3024 2735 3077; x_wconf 76' lang='grc' dir='ltr'>καὶ</span> <span class='ocrx_word' id='word_1_632' title='bbox 2775 3022 2911 3094; x_wconf 89' lang='grc' dir='ltr'>πρὸς</span> <span class='ocrx_word' id='word_1_633' title='bbox 2968 3021 3156 3091; x_wconf 80' lang='grc' dir='ltr'>ὑγείαν</span> <span class='ocrx_word' id='word_1_634' title='bbox 3184 3020 3431 3093; x_wconf 72' lang='grc' dir='ltr'>καθαρὰν</span> <span class='ocrx_word' id='word_1_635' title='bbox 3491 3022 3593 3071; x_wconf 86' lang='grc' dir='ltr'>ἐπ-</span> 
     </span>
    </p>
   </div>
   <div class='ocr_carea' id='block_1_91' title="bbox 2012 3113 3594 3189">
    <p class='ocr_par' dir='ltr' id='par_1_91' title="bbox 2012 3113 3594 3189">
     <span class='ocr_line' id='line_1_91' title="bbox 2012 3113 3594 3189; baseline -0.006 -15"><span class='ocrx_word' id='word_1_636' title='bbox 2012 3119 2356 3189; x_wconf 89' lang='grc' dir='ltr'>αναγαγεῖν),</span> <span class='ocrx_word' id='word_1_637' title='bbox 2379 3117 2439 3183; x_wconf 80' lang='grc' dir='ltr'>ἐξ</span> <span class='ocrx_word' id='word_1_638' title='bbox 2454 3117 2627 3186; x_wconf 75' lang='grc' dir='ltr'>αὐτῆς</span> <span class='ocrx_word' id='word_1_639' title='bbox 2652 3117 2780 3188; x_wconf 73' lang='grc' dir='ltr'>ἡμῖν</span> <span class='ocrx_word' id='word_1_640' title='bbox 2803 3115 3065 3187; x_wconf 79' lang='grc' dir='ltr'>δήλωσον,</span> <span class='ocrx_word' id='word_1_641' title='bbox 3086 3113 3226 3168; x_wconf 84' lang='grc' dir='ltr'>ὥστε</span> <span class='ocrx_word' id='word_1_642' title='bbox 3250 3115 3282 3185; x_wconf 71' lang='grc' dir='ltr'>ἡ</span> <span class='ocrx_word' id='word_1_643' title='bbox 3291 3116 3396 3184; x_wconf 83' lang='grc' dir='ltr'>μᾶς</span> <span class='ocrx_word' id='word_1_644' title='bbox 3415 3113 3594 3168; x_wconf 83' lang='grc' dir='ltr'>ἁπαλ-</span> 
     </span>
    </p>
   </div>
   <div class='ocr_carea' id='block_1_92' title="bbox 2009 3204 3597 3281">
    <p class='ocr_par' dir='ltr' id='par_1_92' title="bbox 2009 3204 3597 3281">
     <span class='ocr_line' id='line_1_92' title="bbox 2009 3204 3597 3281; baseline -0.004 -18"><span class='ocrx_word' id='word_1_645' title='bbox 2009 3210 2243 3281; x_wconf 84' lang='grc' dir='ltr'>λαγῆναι</span> <span class='ocrx_word' id='word_1_646' title='bbox 2278 3209 2378 3279; x_wconf 77' lang='grc' dir='ltr'>τῆς</span> <span class='ocrx_word' id='word_1_647' title='bbox 2408 3207 2712 3281; x_wconf 81' lang='grc' dir='ltr'>φροντίδος.</span> <span class='ocrx_word' id='word_1_648' title='bbox 2750 3207 2926 3278; x_wconf 81' lang='grc' dir='ltr'>Ὅπερ</span> <span class='ocrx_word' id='word_1_649' title='bbox 2952 3204 3061 3276; x_wconf 79' lang='grc' dir='ltr'>γὰρ</span> <span class='ocrx_word' id='word_1_650' title='bbox 3096 3204 3182 3259; x_wconf 70' lang='grc' dir='ltr'>ἀεὶ</span> <span class='ocrx_word' id='word_1_651' title='bbox 3225 3204 3451 3276; x_wconf 83' lang='grc' dir='ltr'>γράφων</span> <span class='ocrx_word' id='word_1_652' title='bbox 3482 3204 3597 3275; x_wconf 78' lang='grc' dir='ltr'>ἐδή-</span> 
     </span>
    </p>
   </div>
   <div class='ocr_carea' id='block_1_93' title="bbox 2010 3290 3593 3369">
    <p class='ocr_par' dir='ltr' id='par_1_93' title="bbox 2010 3290 3593 3369">
     <span class='ocr_line' id='line_1_93' title="bbox 2010 3290 3593 3369; baseline -0.003 -14"><span class='ocrx_word' id='word_1_653' title='bbox 2010 3302 2180 3367; x_wconf 86' lang='grc' dir='ltr'>λωσα,</span> <span class='ocrx_word' id='word_1_654' title='bbox 2228 3299 2387 3354; x_wconf 88' lang='grc' dir='ltr'>τοῦτο</span> <span class='ocrx_word' id='word_1_655' title='bbox 2417 3299 2512 3354; x_wconf 76' lang='grc' dir='ltr'>καὶ</span> <span class='ocrx_word' id='word_1_656' title='bbox 2539 3298 2635 3353; x_wconf 90' lang='grc' dir='ltr'>νῦν</span> <span class='ocrx_word' id='word_1_657' title='bbox 2677 3296 2842 3369; x_wconf 85' lang='grc' dir='ltr'>δηλῶ,</span> <span class='ocrx_word' id='word_1_658' title='bbox 2879 3297 2982 3363; x_wconf 84' lang='grc' dir='ltr'>ὅτι,</span> <span class='ocrx_word' id='word_1_659' title='bbox 3016 3298 3258 3369; x_wconf 83' lang='grc' dir='ltr'>ὅπουπερ</span> <span class='ocrx_word' id='word_1_660' title='bbox 3304 3296 3370 3350; x_wconf 87' lang='grc' dir='ltr'>ἂν</span> <span class='ocrx_word' id='word_1_661' title='bbox 3421 3290 3593 3367; x_wconf 79' lang='grc' dir='ltr'>ὦμεν,</span> 
     </span>
    </p>
   </div>
   <div class='ocr_carea' id='block_1_94' title="bbox 2011 3389 3597 3465">
    <p class='ocr_par' dir='ltr' id='par_1_94' title="bbox 2011 3389 3597 3465">
     <span class='ocr_line' id='line_1_94' title="bbox 2011 3389 3597 3465; baseline -0.004 -17"><span class='ocrx_word' id='word_1_662' title='bbox 2011 3394 2113 3449; x_wconf 76' lang='grc' dir='ltr'>κᾶν</span> <span class='ocrx_word' id='word_1_663' title='bbox 2153 3397 2233 3458; x_wconf 88' lang='grc' dir='ltr'>είς</span> <span class='ocrx_word' id='word_1_664' title='bbox 2271 3394 2607 3465; x_wconf 83' lang='grc' dir='ltr'>ἐρημότερον</span> <span class='ocrx_word' id='word_1_665' title='bbox 2632 3390 2824 3446; x_wconf 91' lang='grc' dir='ltr'>τούτου</span> <span class='ocrx_word' id='word_1_666' title='bbox 2861 3390 3059 3463; x_wconf 87' lang='grc' dir='ltr'>χωρίον</span> <span class='ocrx_word' id='word_1_667' title='bbox 3090 3389 3501 3461; x_wconf 82' lang='grc' dir='ltr'>ἀπενεχθῶμεν,</span> <span class='ocrx_word' id='word_1_668' title='bbox 3535 3391 3597 3444; x_wconf 81' lang='grc' dir='ltr'>σὲ</span> 
     </span>
    </p>
   </div>
   <div class='ocr_carea' id='block_1_95' title="bbox 2012 3476 3598 3556">
    <p class='ocr_par' dir='ltr' id='par_1_95' title="bbox 2012 3476 3598 3556">
     <span class='ocr_line' id='line_1_95' title="bbox 2012 3476 3598 3556; baseline -0.003 -17"><span class='ocrx_word' id='word_1_669' title='bbox 2012 3486 2106 3539; x_wconf 77' lang='grc' dir='ltr'>καὶ</span> <span class='ocrx_word' id='word_1_670' title='bbox 2136 3484 2205 3538; x_wconf 85' lang='grc' dir='ltr'>τὰ</span> <span class='ocrx_word' id='word_1_671' title='bbox 2238 3486 2307 3539; x_wconf 92' lang='grc' dir='ltr'>σά</span> <span class='ocrx_word' id='word_1_672' title='bbox 2353 3483 2729 3556; x_wconf 84' lang='grc' dir='ltr'>μεριμνῶντες</span> <span class='ocrx_word' id='word_1_673' title='bbox 2768 3484 2828 3536; x_wconf 91' lang='grc' dir='ltr'>οὐ</span> <span class='ocrx_word' id='word_1_674' title='bbox 2870 3476 3323 3554; x_wconf 86' lang='grc' dir='ltr'>διαλιμπάνομεν.</span> <span class='ocrx_word' id='word_1_675' title='bbox 3360 3482 3598 3536; x_wconf 76' lang='grc' dir='ltr'>Τοιαῦτα</span> 
     </span>
    </p>
   </div>
   <div class='ocr_carea' id='block_1_96' title="bbox 2010 3577 3599 3650">
    <p class='ocr_par' dir='ltr' id='par_1_96' title="bbox 2010 3577 3599 3650">
     <span class='ocr_line' id='line_1_96' title="bbox 2010 3577 3599 3650; baseline -0.001 -17"><span class='ocrx_word' id='word_1_676' title='bbox 2010 3582 2141 3650; x_wconf 82' lang='grc' dir='ltr'>ἡμῖν</span> <span class='ocrx_word' id='word_1_677' title='bbox 2183 3579 2418 3650; x_wconf 88' lang='grc' dir='ltr'>ἐνέχυρα</span> <span class='ocrx_word' id='word_1_678' title='bbox 2466 3579 2567 3648; x_wconf 83' lang='grc' dir='ltr'>τῆς</span> <span class='ocrx_word' id='word_1_679' title='bbox 2599 3577 2811 3650; x_wconf 78' lang='grc' dir='ltr'>θερμῆς</span> <span class='ocrx_word' id='word_1_680' title='bbox 2848 3579 2943 3631; x_wconf 78' lang='grc' dir='ltr'>καὶ</span> <span class='ocrx_word' id='word_1_681' title='bbox 2974 3578 3203 3650; x_wconf 87' lang='grc' dir='ltr'>γνησίας</span> <span class='ocrx_word' id='word_1_682' title='bbox 3233 3595 3325 3630; x_wconf 86' lang='grc' dir='ltr'>σου</span> <span class='ocrx_word' id='word_1_683' title='bbox 3374 3578 3599 3650; x_wconf 82' lang='grc' dir='ltr'>ἀγάπης</span> 
     </span>
    </p>
   </div>
   <div class='ocr_carea' id='block_1_97' title="bbox 2010 3668 3641 3740">
    <p class='ocr_par' dir='ltr' id='par_1_97' title="bbox 2010 3668 3641 3740">
     <span class='ocr_line' id='line_1_97' title="bbox 2010 3668 3641 3740; baseline 0 -16"><span class='ocrx_word' id='word_1_684' title='bbox 2010 3670 2297 3735; x_wconf 85' lang='grc' dir='ltr'>ὲναπέθου,</span> <span class='ocrx_word' id='word_1_685' title='bbox 2346 3670 2491 3740; x_wconf 79' lang='grc' dir='ltr'>ἅπερ</span> <span class='ocrx_word' id='word_1_686' title='bbox 2535 3669 2790 3721; x_wconf 83' lang='grc' dir='ltr'>οὐδέποτε</span> <span class='ocrx_word' id='word_1_687' title='bbox 2833 3668 3124 3740; x_wconf 76' lang='grc' dir='ltr'>σϐεσθῆναι</span> <span class='ocrx_word' id='word_1_688' title='bbox 3173 3669 3414 3732; x_wconf 89' lang='grc' dir='ltr'>δύναται,</span> <span class='ocrx_word' id='word_1_689' title='bbox 3476 3672 3597 3724; x_wconf 80' lang='grc' dir='ltr'>οὐδὲ</span> <span class='ocrx_word' id='word_1_690' title='bbox 3638 3730 3641 3733; x_wconf 28' lang='grc' dir='ltr'><strong>λ</strong></span> 
     </span>
    </p>
   </div>
   <div class='ocr_carea' id='block_1_98' title="bbox 2010 3760 3595 3834">
    <p class='ocr_par' dir='ltr' id='par_1_98' title="bbox 2010 3760 3595 3834">
     <span class='ocr_line' id='line_1_98' title="bbox 2010 3760 3595 3834; baseline -0.002 -17"><span class='ocrx_word' id='word_1_691' title='bbox 2010 3761 2502 3834; x_wconf 84' lang='grc' dir='ltr'>καταμαρανθῆναι</span> <span class='ocrx_word' id='word_1_692' title='bbox 2546 3760 2625 3832; x_wconf 82' lang='grc' dir='ltr'>τῷ</span> <span class='ocrx_word' id='word_1_693' title='bbox 2671 3761 2880 3833; x_wconf 78' lang='grc' dir='ltr'>χρόνῳ’</span> <span class='ocrx_word' id='word_1_694' title='bbox 2928 3761 3067 3816; x_wconf 88' lang='grc' dir='ltr'>ἀλλά</span> <span class='ocrx_word' id='word_1_695' title='bbox 3102 3760 3207 3815; x_wconf 80' lang='grc' dir='ltr'>κᾶν</span> <span class='ocrx_word' id='word_1_696' title='bbox 3237 3761 3465 3832; x_wconf 90' lang='grc' dir='ltr'>πλησίον</span> <span class='ocrx_word' id='word_1_697' title='bbox 3499 3778 3595 3815; x_wconf 85' lang='grc' dir='ltr'>σου</span> 
     </span>
    </p>
   </div>
   <div class='ocr_carea' id='block_1_99' title="bbox 2010 3850 3595 3926">
    <p class='ocr_par' dir='ltr' id='par_1_99' title="bbox 2010 3850 3595 3926">
     <span class='ocr_line' id='line_1_99' title="bbox 2010 3850 3595 3926; baseline 0 -17"><span class='ocrx_word' id='word_1_698' title='bbox 2010 3850 2160 3926; x_wconf 84' lang='grc' dir='ltr'>ὦμεν</span> <span class='ocrx_word' id='word_1_699' title='bbox 2193 3856 2290 3925; x_wconf 78' lang='grc' dir='ltr'>τῆς</span> <span class='ocrx_word' id='word_1_700' title='bbox 2325 3854 2626 3923; x_wconf 89' lang='grc' dir='ltr'>εὐγενείας,</span> <span class='ocrx_word' id='word_1_701' title='bbox 2659 3853 2761 3907; x_wconf 78' lang='grc' dir='ltr'>κᾶν</span> <span class='ocrx_word' id='word_1_702' title='bbox 2794 3853 3101 3925; x_wconf 67' lang='grc' dir='ltr'>πόρρωθεν,</span> <span class='ocrx_word' id='word_1_703' title='bbox 3132 3854 3219 3907; x_wconf 68' lang='grc' dir='ltr'>ἀελ⁵</span> <span class='ocrx_word' id='word_1_704' title='bbox 3248 3853 3595 3923; x_wconf 82' lang='grc' dir='ltr'>διαφυλάττο-</span> 
     </span>
    </p>
   </div>
   <div class='ocr_carea' id='block_1_100' title="bbox 2014 3947 3598 4020">
    <p class='ocr_par' dir='ltr' id='par_1_100' title="bbox 2014 3947 3598 4020">
     <span class='ocr_line' id='line_1_100' title="bbox 2014 3947 3598 4020; baseline 0.001 -20"><span class='ocrx_word' id='word_1_705' title='bbox 2014 3965 2113 4019; x_wconf 90' lang='grc' dir='ltr'>μεν</span> <span class='ocrx_word' id='word_1_706' title='bbox 2153 3948 2254 4017; x_wconf 80' lang='grc' dir='ltr'>τὴν</span> <span class='ocrx_word' id='word_1_707' title='bbox 2303 3947 2473 4019; x_wconf 78' lang='grc' dir='ltr'>αὐτὴν</span> <span class='ocrx_word' id='word_1_708' title='bbox 2521 3947 2765 4018; x_wconf 87' lang='grc' dir='ltr'>ἀγάπην,</span> <span class='ocrx_word' id='word_1_709' title='bbox 2813 3947 3016 4011; x_wconf 77' lang='grc' dir='ltr'>εἰδότες</span> <span class='ocrx_word' id='word_1_710' title='bbox 3049 3948 3109 4001; x_wconf 86' lang='grc' dir='ltr'>τὸ</span> <span class='ocrx_word' id='word_1_711' title='bbox 3155 3948 3180 3987; x_wconf 72' lang='grc' dir='ltr'>ι»</span> <span class='ocrx_word' id='word_1_712' title='bbox 3236 3951 3460 4020; x_wconf 86' lang='grc' dir='ltr'>γνήσιον</span> <span class='ocrx_word' id='word_1_713' title='bbox 3500 3950 3598 4003; x_wconf 76' lang='grc' dir='ltr'>καὶ</span> 
     </span>
    </p>
   </div>
   <div class='ocr_carea' id='block_1_101' title="bbox 2009 4036 3678 4112">
    <p class='ocr_par' dir='ltr' id='par_1_101' title="bbox 2009 4036 3678 4112">
     <span class='ocr_line' id='line_1_101' title="bbox 2009 4036 3678 4112; baseline -0.003 -18"><span class='ocrx_word' id='word_1_714' title='bbox 2009 4041 2304 4112; x_wconf 84' lang='grc' dir='ltr'>εἰλικρινὲς</span> <span class='ocrx_word' id='word_1_715' title='bbox 2335 4041 2436 4112; x_wconf 83' lang='grc' dir='ltr'>τῆς</span> <span class='ocrx_word' id='word_1_716' title='bbox 2466 4039 2757 4105; x_wconf 87' lang='grc' dir='ltr'>διαθέσεώς</span> <span class='ocrx_word' id='word_1_717' title='bbox 2798 4057 2915 4105; x_wconf 92' lang='grc' dir='ltr'>σου,</span> <span class='ocrx_word' id='word_1_718' title='bbox 2946 4036 3013 4112; x_wconf 80' lang='grc' dir='ltr'>ἦς</span> <span class='ocrx_word' id='word_1_719' title='bbox 3041 4040 3334 4104; x_wconf 79' lang='grc' dir='ltr'>διαπαντὸς</span> <span class='ocrx_word' id='word_1_720' title='bbox 3365 4041 3598 4094; x_wconf 83' lang='grc' dir='ltr'>ἁπελαύ-</span> <span class='ocrx_word' id='word_1_721' title='bbox 3670 4080 3678 4089; x_wconf 45' lang='grc' dir='ltr'><strong>κ</strong></span> 
     </span>
    </p>
   </div>
   <div class='ocr_carea' id='block_1_102' title="bbox 2013 4132 2567 4206">
    <p class='ocr_par' dir='ltr' id='par_1_102' title="bbox 2013 4132 2567 4206">
     <span class='ocr_line' id='line_1_102' title="bbox 2013 4132 2567 4206; baseline 0.005 -21"><span class='ocrx_word' id='word_1_722' title='bbox 2013 4150 2082 4187; x_wconf 93' lang='grc' dir='ltr'>σα</span> <span class='ocrx_word' id='word_1_723' title='bbox 2090 4150 2189 4204; x_wconf 89' lang='grc' dir='ltr'>μεν</span> <span class='ocrx_word' id='word_1_724' title='bbox 2218 4132 2310 4187; x_wconf 89' lang='grc' dir='ltr'>τοῦ</span> <span class='ocrx_word' id='word_1_725' title='bbox 2350 4134 2567 4206; x_wconf 83' lang='grc' dir='ltr'>χρόνου.</span> 
     </span>
    </p>
   </div>
   <div class='ocr_carea' id='block_1_103' title="bbox 2406 4246 3189 4317">
    <p class='ocr_par' dir='ltr' id='par_1_103' title="bbox 2406 4246 3189 4317">
     <span class='ocr_line' id='line_1_103' title="bbox 2406 4246 3189 4317; baseline 0.003 -15"><span class='ocrx_word' id='word_1_726' title='bbox 2406 4251 2588 4303; x_wconf 84' lang='grc' dir='ltr'>ΣΚΗ’.</span> <span class='ocrx_word' id='word_1_727' title='bbox 2633 4246 2911 4317; x_wconf 78' lang='grc' dir='ltr'>Θεοδώρῳ</span> <span class='ocrx_word' id='word_1_728' title='bbox 2935 4246 3112 4317; x_wconf 83' lang='grc' dir='ltr'>ίατρῷ</span> <span class='ocrx_word' id='word_1_729' title='bbox 3139 4259 3189 4304; x_wconf 75' lang='grc' dir='ltr'>ο.</span> 
     </span>
    </p>
   </div>
   <div class='ocr_carea' id='block_1_104' title="bbox 2043 4338 3597 4412">
    <p class='ocr_par' dir='ltr' id='par_1_104' title="bbox 2043 4338 3597 4412">
     <span class='ocr_line' id='line_1_104' title="bbox 2043 4338 3597 4412; baseline -0.001 -17"><span class='ocrx_word' id='word_1_730' title='bbox 2043 4338 2055 4343; x_wconf 79' lang='grc'><strong>’</strong></span> <span class='ocrx_word' id='word_1_731' title='bbox 2084 4340 2259 4409; x_wconf 82' lang='grc' dir='ltr'>Αὐτὸς</span> <span class='ocrx_word' id='word_1_732' title='bbox 2289 4341 2389 4412; x_wconf 79' lang='grc' dir='ltr'>μὲν</span> <span class='ocrx_word' id='word_1_733' title='bbox 2414 4342 2494 4404; x_wconf 86' lang='grc' dir='ltr'>είς</span> <span class='ocrx_word' id='word_1_734' title='bbox 2523 4339 2621 4411; x_wconf 81' lang='grc' dir='ltr'>τὴν</span> <span class='ocrx_word' id='word_1_735' title='bbox 2644 4339 2753 4393; x_wconf 90' lang='grc' dir='ltr'>τῶν</span> <span class='ocrx_word' id='word_1_736' title='bbox 2774 4341 3119 4411; x_wconf 79' lang='grc' dir='ltr'>πραγμάτων</span> <span class='ocrx_word' id='word_1_737' title='bbox 3139 4341 3401 4412; x_wconf 84' lang='grc' dir='ltr'>ἀσχολίαν</span> <span class='ocrx_word' id='word_1_738' title='bbox 3428 4358 3597 4395; x_wconf 85' lang='grc' dir='ltr'>κατα-</span> 
     </span>
    </p>
   </div>
   <div class='ocr_carea' id='block_1_105' title="bbox 2013 4432 3595 4506">
    <p class='ocr_par' dir='ltr' id='par_1_105' title="bbox 2013 4432 3595 4506">
     <span class='ocr_line' id='line_1_105' title="bbox 2013 4432 3595 4506; baseline -0.001 -16"><span class='ocrx_word' id='word_1_739' title='bbox 2013 4436 2256 4504; x_wconf 84' lang='grc' dir='ltr'>φεύγεις,</span> <span class='ocrx_word' id='word_1_740' title='bbox 2283 4435 2379 4489; x_wconf 76' lang='grc' dir='ltr'>καὶ</span> <span class='ocrx_word' id='word_1_741' title='bbox 2400 4432 2699 4503; x_wconf 86' lang='grc' dir='ltr'>ἀπολογίαν</span> <span class='ocrx_word' id='word_1_742' title='bbox 2726 4433 2976 4488; x_wconf 85' lang='grc' dir='ltr'>ἐντεῦθεν</span> <span class='ocrx_word' id='word_1_743' title='bbox 2995 4434 3243 4504; x_wconf 86' lang='grc' dir='ltr'>ὐφαίνεις</span> <span class='ocrx_word' id='word_1_744' title='bbox 3269 4435 3362 4487; x_wconf 88' lang='grc' dir='ltr'>τοῦ</span> <span class='ocrx_word' id='word_1_745' title='bbox 3393 4436 3467 4506; x_wconf 83' lang='grc' dir='ltr'>μὴ</span> <span class='ocrx_word' id='word_1_746' title='bbox 3490 4450 3595 4489; x_wconf 81' lang='grc' dir='ltr'>πα-</span> 
     </span>
    </p>
   </div>
   <div class='ocr_carea' id='block_1_106' title="bbox 2016 4522 3592 4600">
    <p class='ocr_par' dir='ltr' id='par_1_106' title="bbox 2016 4522 3592 4600">
     <span class='ocr_line' id='line_1_106' title="bbox 2016 4522 3592 4600; baseline 0 -19"><span class='ocrx_word' id='word_1_747' title='bbox 2016 4527 2371 4600; x_wconf 83' lang='grc' dir='ltr'>ραγενέσθαι·</span> <span class='ocrx_word' id='word_1_748' title='bbox 2402 4525 2513 4594; x_wconf 84' lang='grc' dir='ltr'>ἐγὼ</span> <span class='ocrx_word' id='word_1_749' title='bbox 2540 4525 2599 4579; x_wconf 86' lang='grc' dir='ltr'>δὲ</span> <span class='ocrx_word' id='word_1_750' title='bbox 2643 4522 2798 4596; x_wconf 75' lang='grc' dir='ltr'>οἶμαι</span> <span class='ocrx_word' id='word_1_751' title='bbox 2849 4527 3003 4579; x_wconf 84' lang='grc' dir='ltr'>οὐδὲν</span> <span class='ocrx_word' id='word_1_752' title='bbox 3048 4526 3253 4580; x_wconf 88' lang='grc' dir='ltr'>τούτων</span> <span class='ocrx_word' id='word_1_753' title='bbox 3288 4544 3348 4579; x_wconf 84' lang='grc' dir='ltr'>σε</span> <span class='ocrx_word' id='word_1_754' title='bbox 3382 4527 3592 4581; x_wconf 89' lang='grc' dir='ltr'>δεῖσθαι</span> 
     </span>
    </p>
   </div>
   <div class='ocr_carea' id='block_1_107' title="bbox 2010 4618 3596 4691">
    <p class='ocr_par' dir='ltr' id='par_1_107' title="bbox 2010 4618 3596 4691">
     <span class='ocr_line' id='line_1_107' title="bbox 2010 4618 3596 4691; baseline 0.001 -18"><span class='ocrx_word' id='word_1_755' title='bbox 2010 4619 2119 4673; x_wconf 89' lang='grc' dir='ltr'>τῶν</span> <span class='ocrx_word' id='word_1_756' title='bbox 2151 4619 2347 4690; x_wconf 86' lang='grc' dir='ltr'>λόγων.</span> <span class='ocrx_word' id='word_1_757' title='bbox 2387 4620 2500 4672; x_wconf 67' lang='grc' dir='ltr'>Καὶ</span> <span class='ocrx_word' id='word_1_758' title='bbox 2540 4618 2650 4691; x_wconf 87' lang='grc' dir='ltr'>γὰρ</span> <span class='ocrx_word' id='word_1_759' title='bbox 2694 4620 3098 4689; x_wconf 88' lang='grc' dir='ltr'>παραγέγονας,</span> <span class='ocrx_word' id='word_1_760' title='bbox 3127 4620 3223 4672; x_wconf 75' lang='grc' dir='ltr'>καὶ</span> <span class='ocrx_word' id='word_1_761' title='bbox 3270 4618 3380 4674; x_wconf 87' lang='grc' dir='ltr'>τῶν</span> <span class='ocrx_word' id='word_1_762' title='bbox 3409 4621 3596 4690; x_wconf 85' lang='grc' dir='ltr'>ἀφικο-</span> 
     </span>
    </p>
   </div>
   <div class='ocr_carea' id='block_1_108' title="bbox 2015 4711 3593 4784">
    <p class='ocr_par' dir='ltr' id='par_1_108' title="bbox 2015 4711 3593 4784">
     <span class='ocr_line' id='line_1_108' title="bbox 2015 4711 3593 4784; baseline -0.001 -18"><span class='ocrx_word' id='word_1_763' title='bbox 2015 4713 2192 4784; x_wconf 89' lang='grc' dir='ltr'>μένων</span> <span class='ocrx_word' id='word_1_764' title='bbox 2226 4712 2365 4784; x_wconf 89' lang='grc' dir='ltr'>πρὸς</span> <span class='ocrx_word' id='word_1_765' title='bbox 2405 4712 2552 4783; x_wconf 77' lang='grc' dir='ltr'>ἡμᾶς</span> <span class='ocrx_word' id='word_1_766' title='bbox 2589 4712 2742 4765; x_wconf 86' lang='grc' dir='ltr'>οὐδὲν</span> <span class='ocrx_word' id='word_1_767' title='bbox 2767 4712 2988 4765; x_wconf 77' lang='grc' dir='ltr'>ἔλαττον</span> <span class='ocrx_word' id='word_1_768' title='bbox 3023 4711 3169 4782; x_wconf 78' lang='grc' dir='ltr'>ἔχεις</span> <span class='ocrx_word' id='word_1_769' title='bbox 3199 4712 3341 4766; x_wconf 86' lang='grc' dir='ltr'>κατά</span> <span class='ocrx_word' id='word_1_770' title='bbox 3372 4713 3464 4764; x_wconf 85' lang='grc' dir='ltr'>τὸν</span> <span class='ocrx_word' id='word_1_771' title='bbox 3490 4713 3593 4783; x_wconf 77' lang='grc' dir='ltr'>τῆς</span> 
     </span>
    </p>
   </div>
   <div class='ocr_carea' id='block_1_109' title="bbox 2011 4801 3595 4876">
    <p class='ocr_par' dir='ltr' id='par_1_109' title="bbox 2011 4801 3595 4876">
     <span class='ocr_line' id='line_1_109' title="bbox 2011 4801 3595 4876; baseline 0.001 -20"><span class='ocrx_word' id='word_1_772' title='bbox 2011 4803 2232 4875; x_wconf 86' lang='grc' dir='ltr'>ἀγάπης</span> <span class='ocrx_word' id='word_1_773' title='bbox 2270 4802 2427 4868; x_wconf 87' lang='grc' dir='ltr'>λόγον</span> <span class='ocrx_word' id='word_1_774' title='bbox 2451 4818 2463 4829; x_wconf 90' lang='grc'><strong>·</strong></span> <span class='ocrx_word' id='word_1_775' title='bbox 2511 4801 2618 4855; x_wconf 88' lang='grc' dir='ltr'>ἀπὸ</span> <span class='ocrx_word' id='word_1_776' title='bbox 2647 4801 2756 4873; x_wconf 86' lang='grc' dir='ltr'>γὰρ</span> <span class='ocrx_word' id='word_1_777' title='bbox 2792 4802 2891 4871; x_wconf 83' lang='grc' dir='ltr'>τῆς</span> <span class='ocrx_word' id='word_1_778' title='bbox 2923 4801 3151 4873; x_wconf 88' lang='grc' dir='ltr'>γνώμης</span> <span class='ocrx_word' id='word_1_779' title='bbox 3195 4819 3255 4856; x_wconf 91' lang='grc' dir='ltr'>σε</span> <span class='ocrx_word' id='word_1_780' title='bbox 3286 4804 3595 4876; x_wconf 77' lang='grc' dir='ltr'>ἀνακηρύτ-</span> 
     </span>
    </p>
   </div>
   <div class='ocr_carea' id='block_1_110' title="bbox 2012 4890 3595 4967">
    <p class='ocr_par' dir='ltr' id='par_1_110' title="bbox 2012 4890 3595 4967">
     <span class='ocr_line' id='line_1_110' title="bbox 2012 4890 3595 4967; baseline 0.001 -18"><span class='ocrx_word' id='word_1_781' title='bbox 2012 4911 2196 4958; x_wconf 87' lang='grc' dir='ltr'>τοντες</span> <span class='ocrx_word' id='word_1_782' title='bbox 2230 4893 2433 4965; x_wconf 85' lang='grc' dir='ltr'>ὁμοίως</span> <span class='ocrx_word' id='word_1_783' title='bbox 2477 4890 2635 4966; x_wconf 77' lang='grc'>[726]</span> <span class='ocrx_word' id='word_1_784' title='bbox 2674 4894 2924 4957; x_wconf 88' lang='grc' dir='ltr'>ἐκείνοις,</span> <span class='ocrx_word' id='word_1_785' title='bbox 2974 4896 3056 4958; x_wconf 89' lang='grc' dir='ltr'>είς</span> <span class='ocrx_word' id='word_1_786' title='bbox 3092 4896 3219 4958; x_wconf 84' lang='grc' dir='ltr'>τοὺς</span> <span class='ocrx_word' id='word_1_787' title='bbox 3249 4895 3503 4967; x_wconf 81' lang='grc' dir='ltr'>πρώτους</span> <span class='ocrx_word' id='word_1_788' title='bbox 3535 4915 3595 4951; x_wconf 85' lang='grc' dir='ltr'>σε</span> 
     </span>
    </p>
   </div>
   <div class='ocr_carea' id='block_1_111' title="bbox 2010 4984 3596 5059">
    <p class='ocr_par' dir='ltr' id='par_1_111' title="bbox 2010 4984 3596 5059">
     <span class='ocr_line' id='line_1_111' title="bbox 2010 4984 3596 5059; baseline 0.004 -21"><span class='ocrx_word' id='word_1_789' title='bbox 2010 4984 2120 5039; x_wconf 91' lang='grc' dir='ltr'>τῶν</span> <span class='ocrx_word' id='word_1_790' title='bbox 2171 4984 2342 5056; x_wconf 86' lang='grc' dir='ltr'>φίλων</span> <span class='ocrx_word' id='word_1_791' title='bbox 2385 4984 2693 5056; x_wconf 83' lang='grc' dir='ltr'>γράφομεν,</span> <span class='ocrx_word' id='word_1_792' title='bbox 2729 4984 2824 5038; x_wconf 91' lang='grc' dir='ltr'>καί</span> <span class='ocrx_word' id='word_1_793' title='bbox 2876 5001 2960 5039; x_wconf 92' lang='grc' dir='ltr'>σοι</span> <span class='ocrx_word' id='word_1_794' title='bbox 3003 4986 3234 5058; x_wconf 89' lang='grc' dir='ltr'>χάριτας</span> <span class='ocrx_word' id='word_1_795' title='bbox 3283 4987 3463 5059; x_wconf 78' lang='grc' dir='ltr'>ἴσμεν,</span> <span class='ocrx_word' id='word_1_796' title='bbox 3512 4991 3596 5045; x_wconf 80' lang='grc' dir='ltr'>ὅτι</span> 
     </span>
    </p>
   </div>
   <div class='ocr_carea' id='block_1_112' title="bbox 2011 5077 3598 5151">
    <p class='ocr_par' dir='ltr' id='par_1_112' title="bbox 2011 5077 3598 5151">
     <span class='ocr_line' id='line_1_112' title="bbox 2011 5077 3598 5151; baseline 0.003 -21"><span class='ocrx_word' id='word_1_797' title='bbox 2011 5078 2166 5147; x_wconf 81' lang='grc' dir='ltr'>ὀλίγα</span> <span class='ocrx_word' id='word_1_798' title='bbox 2211 5078 2609 5148; x_wconf 83' lang='grc' dir='ltr'>συγγενόμενος</span> <span class='ocrx_word' id='word_1_799' title='bbox 2642 5078 2796 5147; x_wconf 83' lang='grc' dir='ltr'>ἡμῖν,</span> <span class='ocrx_word' id='word_1_800' title='bbox 2830 5077 2973 5147; x_wconf 87' lang='grc' dir='ltr'>τάχα</span> <span class='ocrx_word' id='word_1_801' title='bbox 3011 5078 3070 5132; x_wconf 82' lang='grc' dir='ltr'>δὲ</span> <span class='ocrx_word' id='word_1_802' title='bbox 3111 5078 3218 5131; x_wconf 80' lang='grc' dir='ltr'>οὐδ’</span> <span class='ocrx_word' id='word_1_803' title='bbox 3265 5079 3443 5151; x_wconf 84' lang='grc' dir='ltr'>ὀλίγα,</span> <span class='ocrx_word' id='word_1_804' title='bbox 3486 5082 3598 5135; x_wconf 86' lang='grc' dir='ltr'>τῶν</span> 
     </span>
    </p>
   </div>
   <div class='ocr_carea' id='block_1_113' title="bbox 2014 5170 3597 5247">
    <p class='ocr_par' dir='ltr' id='par_1_113' title="bbox 2014 5170 3597 5247">
     <span class='ocr_line' id='line_1_113' title="bbox 2014 5170 3597 5247; baseline 0.002 -22"><span class='ocrx_word' id='word_1_805' title='bbox 2014 5170 2181 5226; x_wconf 84' lang='grc' dir='ltr'>πολὺν</span> <span class='ocrx_word' id='word_1_806' title='bbox 2206 5171 2340 5242; x_wconf 82' lang='grc' dir='ltr'>ἡμῖν</span> <span class='ocrx_word' id='word_1_807' title='bbox 2375 5170 2790 5242; x_wconf 83' lang='grc' dir='ltr'>συντραφέντων</span> <span class='ocrx_word' id='word_1_808' title='bbox 2815 5170 3008 5243; x_wconf 87' lang='grc' dir='ltr'>χρόνον</span> <span class='ocrx_word' id='word_1_809' title='bbox 3036 5173 3139 5226; x_wconf 89' lang='grc' dir='ltr'>οὐκ</span> <span class='ocrx_word' id='word_1_810' title='bbox 3178 5172 3439 5229; x_wconf 89' lang='grc' dir='ltr'>ἐλάττονα</span> <span class='ocrx_word' id='word_1_811' title='bbox 3467 5179 3597 5247; x_wconf 78' lang='grc' dir='ltr'>περὶ</span> 
     </span>
    </p>
   </div>
   <div class='ocr_carea' id='block_1_114' title="bbox 2013 5259 3594 5336">
    <p class='ocr_par' dir='ltr' id='par_1_114' title="bbox 2013 5259 3594 5336">
     <span class='ocr_line' id='line_1_114' title="bbox 2013 5259 3594 5336; baseline 0.003 -21"><span class='ocrx_word' id='word_1_812' title='bbox 2013 5263 2161 5333; x_wconf 80' lang='grc' dir='ltr'>ἡμᾶς</span> <span class='ocrx_word' id='word_1_813' title='bbox 2214 5260 2589 5315; x_wconf 84' lang='grc' dir='ltr'>ἐπιδείκνυσαι</span> <span class='ocrx_word' id='word_1_814' title='bbox 2625 5259 2826 5331; x_wconf 82' lang='grc' dir='ltr'>ἔρωτα.</span> <span class='ocrx_word' id='word_1_815' title='bbox 2875 5261 2975 5314; x_wconf 85' lang='grc' dir='ltr'>Διά</span> <span class='ocrx_word' id='word_1_816' title='bbox 3019 5262 3195 5316; x_wconf 89' lang='grc' dir='ltr'>ταῦτά</span> <span class='ocrx_word' id='word_1_817' title='bbox 3236 5280 3319 5317; x_wconf 88' lang='grc' dir='ltr'>σοι</span> <span class='ocrx_word' id='word_1_818' title='bbox 3364 5265 3594 5336; x_wconf 88' lang='grc' dir='ltr'>χάριτας</span> 
     </span>
    </p>
   </div>
   <div class='ocr_carea' id='block_1_115' title="bbox 2014 5354 3597 5429">
    <p class='ocr_par' dir='ltr' id='par_1_115' title="bbox 2014 5354 3597 5429">
     <span class='ocr_line' id='line_1_115' title="bbox 2014 5354 3597 5429; baseline 0.001 -19"><span class='ocrx_word' id='word_1_819' title='bbox 2014 5358 2174 5428; x_wconf 81' lang='grc' dir='ltr'>ἴσμεν</span> <span class='ocrx_word' id='word_1_820' title='bbox 2216 5354 2438 5419; x_wconf 83' lang='grc' dir='ltr'>πολλάς,</span> <span class='ocrx_word' id='word_1_821' title='bbox 2479 5355 2571 5408; x_wconf 86' lang='grc' dir='ltr'>καί</span> <span class='ocrx_word' id='word_1_822' title='bbox 2616 5371 2677 5408; x_wconf 90' lang='grc' dir='ltr'>σε</span> <span class='ocrx_word' id='word_1_823' title='bbox 2722 5356 3154 5428; x_wconf 84' lang='grc' dir='ltr'>παρακαλοῦμεν</span> <span class='ocrx_word' id='word_1_824' title='bbox 3189 5358 3427 5429; x_wconf 83' lang='grc' dir='ltr'>συνεχῶς</span> <span class='ocrx_word' id='word_1_825' title='bbox 3462 5360 3597 5429; x_wconf 74' lang='grc' dir='ltr'>ἡμῖν</span> 
     </span>
    </p>
   </div>
   <div class='ocr_carea' id='block_1_116' title="bbox 2013 5446 3592 5520">
    <p class='ocr_par' dir='ltr' id='par_1_116' title="bbox 2013 5446 3592 5520">
     <span class='ocr_line' id='line_1_116' title="bbox 2013 5446 3592 5520; baseline 0.003 -19"><span class='ocrx_word' id='word_1_826' title='bbox 2013 5448 2371 5503; x_wconf 83' lang='grc' dir='ltr'>ἐπιστέλλειν.</span> <span class='ocrx_word' id='word_1_827' title='bbox 2422 5446 2829 5519; x_wconf 85' lang='grc' dir='ltr'>Ἐπιθυμοῦμεν</span> <span class='ocrx_word' id='word_1_828' title='bbox 2872 5449 2979 5518; x_wconf 85' lang='grc' dir='ltr'>γάρ</span> <span class='ocrx_word' id='word_1_829' title='bbox 3022 5451 3184 5504; x_wconf 85' lang='grc' dir='ltr'>αὐτὸν</span> <span class='ocrx_word' id='word_1_830' title='bbox 3238 5449 3483 5520; x_wconf 87' lang='grc' dir='ltr'>παρόντα</span> <span class='ocrx_word' id='word_1_831' title='bbox 3530 5468 3592 5505; x_wconf 83' lang='grc' dir='ltr'>σε</span> 
     </span>
    </p>
   </div>
   <div class='ocr_carea' id='block_1_117' title="bbox 2015 5540 3595 5613">
    <p class='ocr_par' dir='ltr' id='par_1_117' title="bbox 2015 5540 3595 5613">
     <span class='ocr_line' id='line_1_117' title="bbox 2015 5540 3595 5613; baseline 0.003 -18"><span class='ocrx_word' id='word_1_832' title='bbox 2015 5541 2318 5596; x_wconf 88' lang='grc' dir='ltr'>θεάσασθαι</span> <span class='ocrx_word' id='word_1_833' title='bbox 2342 5559 2357 5573; x_wconf 77' lang='lat'><strong><em>°</em></strong></span> <span class='ocrx_word' id='word_1_834' title='bbox 2375 5540 2492 5595; x_wconf 86' lang='grc' dir='ltr'>ἀλλ’</span> <span class='ocrx_word' id='word_1_835' title='bbox 2516 5541 2604 5595; x_wconf 82' lang='grc' dir='ltr'>ἵνα</span> <span class='ocrx_word' id='word_1_836' title='bbox 2627 5541 2703 5613; x_wconf 86' lang='grc' dir='ltr'>μὴ</span> <span class='ocrx_word' id='word_1_837' title='bbox 2726 5542 2956 5606; x_wconf 80' lang='grc' dir='ltr'>πολλοὺς</span> <span class='ocrx_word' id='word_1_838' title='bbox 2979 5542 3332 5613; x_wconf 82' lang='grc' dir='ltr'>ἀδικήσωμεν</span> <span class='ocrx_word' id='word_1_839' title='bbox 3353 5545 3478 5607; x_wconf 80' lang='grc' dir='ltr'>τοὺς</span> <span class='ocrx_word' id='word_1_840' title='bbox 3501 5547 3595 5600; x_wconf 75' lang='grc' dir='ltr'>καὶ</span> 
     </span>
    </p>
   </div>
   <div class='ocr_carea' id='block_1_118' title="bbox 2076 5631 3599 5694">
    <p class='ocr_par' dir='ltr' id='par_1_118' title="bbox 2076 5631 3599 5694">
     <span class='ocr_line' id='line_1_118' title="bbox 2076 5631 3599 5694; baseline 0.001 -13"><span class='ocrx_word' id='word_1_841' title='bbox 2076 5632 2105 5672; x_wconf 86' lang='lat' dir='ltr'><strong>b</strong></span> <span class='ocrx_word' id='word_1_842' title='bbox 2131 5631 2470 5681; x_wconf 80' lang='lat' dir='ltr'>SiceSavHio</span> <span class='ocrx_word' id='word_1_843' title='bbox 2511 5638 2809 5683; x_wconf 76' lang='lat' dir='ltr'>correctum.</span> <span class='ocrx_word' id='word_1_844' title='bbox 2845 5632 3044 5681; x_wconf 82' lang='lat' dir='ltr'><strong>Edilum</strong></span> <span class='ocrx_word' id='word_1_845' title='bbox 3096 5633 3248 5682; x_wconf 78' lang='lat' dir='ltr'>fueral</span> <span class='ocrx_word' id='word_1_846' title='bbox 3296 5633 3446 5686; x_wconf 83' lang='grc' dir='ltr'>ὅτιτὸ</span> <span class='ocrx_word' id='word_1_847' title='bbox 3479 5647 3599 5694; x_wconf 71' lang='grc' dir='ltr'>ρει·-</span> 
     </span>
    </p>
   </div>
   <div class='ocr_carea' id='block_1_119' title="bbox 2014 5694 2362 5758">
    <p class='ocr_par' dir='ltr' id='par_1_119' title="bbox 2014 5694 2362 5758">
     <span class='ocr_line' id='line_1_119' title="bbox 2014 5694 2362 5758; baseline -0.006 -15"><span class='ocrx_word' id='word_1_848' title='bbox 2014 5707 2201 5758; x_wconf 62' lang='lat' dir='ltr'>peram.</span> <span class='ocrx_word' id='word_1_849' title='bbox 2224 5694 2362 5743; x_wconf 80' lang='lat' dir='ltr'>Enrr.</span> 
     </span>
    </p>
   </div>
   <div class='ocr_carea' id='block_1_120' title="bbox 2080 5757 3066 5819">
    <p class='ocr_par' dir='ltr' id='par_1_120' title="bbox 2080 5757 3066 5819">
     <span class='ocr_line' id='line_1_120' title="bbox 2080 5757 3066 5819; baseline -0.004 -13"><span class='ocrx_word' id='word_1_850' title='bbox 2080 5760 2102 5787; x_wconf 72' lang='grc' dir='ltr'><strong>ο</strong></span> <span class='ocrx_word' id='word_1_851' title='bbox 2130 5757 2282 5807; x_wconf 82' lang='lat' dir='ltr'>Valic.</span> <span class='ocrx_word' id='word_1_852' title='bbox 2310 5763 2361 5807; x_wconf 76' lang='lat' dir='ltr'>et</span> <span class='ocrx_word' id='word_1_853' title='bbox 2384 5757 2529 5811; x_wconf 87' lang='lat' dir='ltr'>Coisl.</span> <span class='ocrx_word' id='word_1_854' title='bbox 2558 5758 2789 5819; x_wconf 75' lang='grc' dir='ltr'>Θεοδώρῳ</span> <span class='ocrx_word' id='word_1_855' title='bbox 2806 5757 3066 5819; x_wconf 77' lang='grc' dir='ltr'>ἀρχιατρῷ.</span> 
     </span>
    </p>
   </div>
  </div>
