3950 6422
416 345 522 404 737

417 465 524 516 τῶν
550 459 750 533 χειρῶν
776 459 890 513 τῶν
926 475 1034 513 σων
1064 456 1159 512 καὶ
1187 456 1287 529 τῆς
1313 455 1564 531 γλώττης
1595 454 1886 528 δεομένους
1904 454 2004 524 τῆς

421 551 543 622 σῆς,
591 550 691 607 καὶ
723 550 981 604 τοσοῦτον
1015 548 1203 613 αὐτοῖς
1235 548 1650 621 προσχώσωμεν
1678 548 1893 620 λιμένα,
1942 545 2004 600 ού

417 643 709 715 τολμῶμεν
741 641 982 696 ἐνταῦθά
1022 658 1084 694 σε
1120 639 1373 697 ἑλκύσαι.
1429 641 1570 695 Ἀλλ’
1602 642 1764 713 ἡνίκα
1796 639 1863 694 ἂν
1888 638 2003 710 ἐξῇ,

418 736 848 808 παρακαλοῦμεν
876 733 1116 804 συνεχῶς
1142 736 1276 806 ἡμῖν
1297 734 1637 788 ἐπιστέλλειν
1666 733 1762 789 καὶ
1788 731 1858 786 τά
1877 731 2006 803 περὶ

416 828 513 897 τῆς
554 826 743 895 ὑγείας
782 825 884 895 τῆς
920 824 1022 894 σῆς
1075 823 1550 894 εὐαγγελίζεσθαι.
1585 822 1743 878 Ούτω
1774 822 1886 894 γάρ
1909 823 2007 879 καὶ

418 919 699 992 πόρρωθεν
727 918 882 982 ὄντες
912 918 1116 990 πολλὴν
1143 916 1555 989 καρπωσόμεθα
1584 914 1685 985 τὴν
1723 914 2007 987 παράκλη-

416 1027 520 1074 σιν,
552 1010 618 1065 ἂν
647 1011 905 1074 τοιαύτας
933 1009 1218 1083 δεχώμεθα
1256 1009 1412 1080 παρὰ
1448 1010 1549 1080 τῆς
1577 1009 1678 1081 σῆς
1708 1008 2007 1080 ἐμμελείας

414 1102 728 1168 ἐπιστολάς.

988 1198 1167 1250 ΣΚΘ¹.
1209 1195 1466 1265 Σευήρᾳ.

497 1306 640 1377 Ἐγὼ
677 1308 777 1380 μέν
807 1326 904 1363 σου
925 1309 1024 1380 τὴν
1050 1307 1339 1377 εὐγένειαν
1365 1302 1507 1360 εἶδον
1539 1304 1797 1360 οὐδέποτε
1821 1322 2009 1376 σωμα-

413 1399 588 1462 τικοῖς
608 1398 936 1471 ὀφθαλμοῖς,
949 1402 1064 1463 τοῖς
1084 1398 1143 1452 δὲ
1174 1401 1267 1472 τῆς
1289 1397 1511 1470 ἀγάπης
1534 1397 1754 1452 πάντων
1773 1396 2006 1469 μάλιστα

414 1490 765 1563 ἐθεασάμην·
807 1492 1132 1563 ἐπειδήπερ,
1185 1491 1292 1545 κᾶν
1333 1490 1471 1544 πολὺ
1512 1489 1573 1544 τὸ
1606 1492 1772 1561 μέσον
1895 1488 2006 1545 τῶν

413 1582 824 1655 διαστημάτων,
850 1584 1058 1655 ταύτην
1089 1583 1344 1638 οὐδέποτε
1372 1583 1602 1655 διείργει
1629 1583 1729 1655 τὴν
1751 1582 2003 1653 θεωρίαν.

425 1679 484 1733 ⁸0
503 1677 614 1751 γὰρ
646 1677 838 1749 κύριός
871 1696 977 1751 μου
1002 1680 1030 1733 ὁ
1063 1677 1453 1742 ποθεινότατος
1479 1676 1736 1741 Λιϐάνιος
1762 1674 2009 1749 ὑπογράτ

414 1785 530 1836 φων
558 1771 692 1840 ἡμῖν
716 1768 808 1823 τὸν
834 1768 996 1840 ζῆλον
1024 1770 1125 1841 τῆς
1162 1767 1262 1841 σῆς
1294 1766 1600 1837 εὐγενείας,
1626 1767 1717 1821 τὸν
1739 1766 1880 1839 ὑπὲρ
1905 1767 2007 1837 τῆς

411 1857 578 1930 όρθῆς
617 1859 893 1926 πίστεως,
925 1861 1020 1915 καὶ
1048 1859 1152 1931 τὴν
1188 1860 1449 1932 σπουδὴν,
1487 1858 1692 1931 σφόδρα
1733 1859 1883 1930 ἡμᾶς
1908 1858 2006 1912 ἀν-

410 1949 712 2023 επτέρωσε.
744 1950 836 2004 Διὸ
864 1951 959 2005 καὶ
983 1949 1253 2023 μηδέποτέ
1284 1967 1342 2003 σε
1369 1950 1700 2022 ἑωρακότες,
1732 1948 2011 2020 ἐπεπηδὴ-

414 2056 588 2112 σαμεν
614 2040 823 2112 πρῶτοι
841 2043 955 2104 τοῖς
978 2040 1116 2112 πρὸς
1131 2041 1230 2111 τὴν
1254 2038 1355 2110 σὴν
1385 2038 1676 2092 εὐλάϐειαν
1692 2036 2006 2108 γράμμασι,

411 2130 865 2206 παρακαλοῦντες
894 2132 991 2188 καὶ
1013 2132 1188 2204 αὐτὴν
1221 2133 1355 2203 ἡμῖν
1384 2128 1727 2185 ἐπιστέλλειν
1756 2128 1921 2200 ἡνίκα
1942 2127 2009 2182 ἂν

410 2224 527 2297 ἐξῇ.
560 2225 626 2278 Et
654 2223 766 2297 7&9
793 2224 939 2279 ἔλθοι
971 2225 1124 2297 παρά
1152 2224 1256 2295 τῆς
1288 2224 1388 2296 σῆς
1420 2221 1721 2295 ἐμμελείας
1749 2219 2009 2292 ἐπιστολὴ

409 2316 834 2386 ἀπαγγέλλουσα
863 2318 997 2389 ἡμῖν
1038 2316 1108 2371 τὰ
1134 2316 1264 2389 περὶ
1291 2315 1393 2387 τῆς
1432 2314 1619 2385 ὑγείας
1649 2330 1763 2377 σου,
1788 2313 1883 2367 καὶ
1911 2312 2035 2367 τοῦ-

409 2407 563 2463 οίκου
596 2425 691 2463 σου
726 2408 952 2473 παντὸς,
990 2408 1278 2481 μεγίστην,
1316 2408 1414 2463 καὶ
1437 2410 1497 2463 ἐν
1520 2407 1783 2480 ἀλλοτρίᾳ
1805 2407 2011 2479 διατρίσ

412 2501 626 2566 ϐοντες,
657 2500 912 2557 ἐντεῦθεν
954 2500 1375 2573 καρπωσόμεθα
1421 2511 1451 2543 α
1497 2501 1600 2574 τὴν
1640 2501 2007 2573 παράκλησιν.

425 2593 671 2667 Ἀγάπης
693 2591 806 2665 7&9
832 2592 948 2647 ίσον
972 2592 1152 2647 οὐδέν.

786 2709 920 2762 ΣΛ’.
976 2705 1262 2772 Ἔλπιδίῳ
1293 2705 1625 2773 ἐπισκόπῳ.

483 2796 695 2862 Πολλὰς
728 2795 840 2868 ἔχω
875 2795 1113 2868 χάριτας
1136 2795 1218 2868 τῷ
1264 2795 1442 2868 κυρίῳ
1496 2810 1600 2868 μου
1648 2795 1728 2868 τῷ
1774 2795 2011 2851 ποθεινο-

411 2890 560 2961 τάτῳ
586 2889 850 2961 Λιϐανίῳ,
876 2889 959 2943 ὃτι
992 2888 1090 2943 καὶ
1117 2887 1331 2942 οἴκοθεν
1380 2887 1605 2960 ἀνέστη,
1640 2888 1737 2942 καὶ
1775 2887 2012 2943 ἐνταῦθα

412 2979 771 3051 παρεγένετο,
798 2978 898 3033 καὶ
944 2976 1113 3033 πάλιν
1140 2976 1280 3049 πρὸς
1314 2976 1416 3049 τὴν
1457 2975 1559 3050 σὴν
1594 2976 1883 3031 εὐλάϐειαν
1910 2977 2013 3047 ἀφ-

417 3073 585 3139 ίκετο,
607 3072 704 3126 καὶ
724 3070 900 3139 τούτῳ
939 3069 1221 3143 μάλιστ-αι’
1244 3067 1477 3141 χάριτας
1504 3065 1654 3139 αὐτῷ
1678 3063 1818 3123 οῖδα.
1859 3067 2014 3138 Ἐμοὶ

412 3166 525 3240 γὰρ
546 3167 697 3221 πᾶσα
724 3163 955 3236 σπουδὴ,
972 3162 1140 3235 τιμῆς
1173 3178 1234 3214 σε
1278 3160 1374 3215 καὶ
1398 3159 1699 3233 θεραπείας
1718 3159 2014 3216 ἀπολαύειν

413 3258 635 3329 ἀπάσης
668 3255 823 3328 παρὰ
853 3254 1074 3310 πάντων
1093 3270 1106 3284 ·
1131 3254 1232 3308 οὐκ
1272 3252 1465 3324 ἐπειδὴ
1492 3250 1646 3324 αὺτῷ
1689 3254 1776 3306 σοὶ
1802 3251 2014 3307 τούτων

414 3354 514 3417 δεῖ,
537 3349 650 3405 ἀλλ’
673 3347 862 3420 ἐπειδὴ
877 3345 1038 3401 τοῦτο
1064 3344 1336 3418 συμφέρει
1360 3346 1482 3409 ταῖς
1504 3343 1876 3416 Ἐκκλησίαις,
1896 3345 2015 3407 ταῖς

414 3461 478 3498 τε
510 3440 962 3515 χειμαζομέναις,
1001 3441 1122 3503 ταῖς
1144 3454 1206 3492 τε
1238 3437 1616 3509 ἀχειμάστοις.
1656 3436 2016 3509 Ἀποδεχόμε-

416 3554 507 3602 νος
538 3535 718 3592 τοίνυν
740 3533 903 3589 αὐτὸν
927 3533 1029 3605 τῆς
1056 3530 1291 3595 εὐνοίας,
1324 3529 1561 3584 δέσποτά
1585 3546 1688 3601 μου
1714 3529 2014 3601 τιμιώτατε

419 3629 512 3684 καὶ
534 3626 940 3697 θεοφιλέστατε,
971 3625 1066 3678 καὶ
1098 3622 1280 3677 πάντα
1307 3622 1435 3694 παρ’
1467 3621 1634 3675 αὐτοῦ
1665 3619 1852 3693 μαθὼν
1877 3618 2014 3692 μετὰ

420 3716 728 3791 ἀκριϐείας,
762 3714 835 3771 τά
866 3732 926 3769 τε
957 3716 1015 3769 ἐν
1048 3710 1382 3785 Ἆντιοχείᾳ,
1407 3711 1502 3766 καὶ
1530 3710 1599 3766 τά
1622 3710 1869 3783 ἡμέτερα
1899 3711 2018 3769 (καὶ

423 3810 529 3884 γὰρ
562 3810 661 3864 καὶ
697 3808 875 3864 ταῦτα
909 3808 1046 3879 ἐρεῖ,
1084 3805 1266 3877 ὀλίγον
1304 3805 1404 3877 μὲν
1449 3805 1582 3877 ἡμῖν
1621 3804 2018 3876 συγγενόμενος

423 3902 630 3975 χρόνον,
681 3900 868 3974 μαθὼν
909 3898 968 3953 δὲ
1012 3899 1164 3963 ὅπως
1193 3897 1499 3969 διάγομεν),
1549 3895 1830 3967 ἔκπεμψον
1855 3894 2017 3949 αὑτὸν

421 3992 683 4064 χαίροντα
710 3991 805 4046 καὶ
831 3989 1283 4063 εὐφραινόμενον.
1308 3989 1420 4043 Καὶ
1441 3987 1553 4057 γὰρ
1576 3988 1672 4042 καὶ
1695 3988 1795 4059 τῆς
1832 3987 2017 4042 θεοσεο

423 4085 577 4150 ϐείας
603 4084 948 4158 ἐκκρέμαται
978 4083 1079 4154 τῆς
1119 4078 1245 4153 σῆς,
1275 4082 1371 4137 καὶ
1398 4080 1557 4153 ἡμῶν
1602 4080 1832 4153 σφοδρός
1871 4081 2018 4133 ἐστιν

423 4179 683 4250 ἐραστής.
715 4177 822 4232 Τὸν
856 4176 1127 4247 δεσπότην
1156 4192 1258 4247 μου
1289 4174 1381 4229 τὸν
1412 4173 1790 4228 ποθεινότατον
1819 4171 1913 4225 καὶ
1938 4188 2020 4224 τι-

427 4268 699 4339 μιώτατον
751 4266 1131 4338 Ἀσυγκρίτιον
1168 4266 1262 4320 τὸν
1315 4264 1653 4336 πεσϐύτερον
1707 4264 2019 4334 προσειπεῖν

427 4360 578 4435 [727]
611 4360 743 4430 παρ’
773 4357 932 4430 ἡμῶν
963 4356 1349 4429 παρακλήθητι
1385 4355 1522 4428 μετὰ
1566 4354 1674 4409 τῶν
1710 4353 2022 4409 ποθεινοτάα-

424 4472 535 4510 των
568 4451 739 4509 αὐτοῦ
789 4451 1020 4516 τέκνων,
1055 4450 1152 4504 καὶ¹
1196 4449 1376 4504 πάντα
1417 4464 1511 4501 σου
1543 4446 1635 4499 τὸν
1688 4444 1909 4519 κλῆρον,
1961 4444 2021 4497 ὃν

426 4545 757 4609 ἐπαίδευσας
794 4544 855 4598 ἐν
904 4541 1097 4615 βραχεῖ
1127 4539 1217 4596 τὸν
1250 4540 1342 4596 σὺν
1383 4540 1512 4611 περὶ
1548 4540 1696 4610 ἡμᾶς
1738 4537 2022 4609 μιμεῖσθαι

425 4639 627 4710 ἔρωτα.
655 4637 793 4692 Οὐδὲ
819 4635 929 4709 γὰρ
952 4634 1111 4689 τοῦτο
1136 4634 1288 4705 ἡμᾶς
1312 4631 1524 4694 ἔλαθεν,
1547 4632 1680 4703 ὅσην
1713 4630 1844 4703 περὶ
1876 4631 2023 4701 ἡμᾶς

427 4730 829 4786 ἐπιδείκνυνται
861 4728 1109 4801 ἀγάπην,
1160 4726 1408 4789 καὶπῶς
1456 4725 1636 4780 πάντα
1684 4723 1780 4777 καὶ
1829 4723 2022 4777 παθεῖν

429 4825 522 4879 καὶ
571 4823 795 4890 ποιῆσαι
854 4821 1047 4876 τούτου
1092 4820 1281 4876 ἕνεκεν
1321 4817 1840 4891 παρεσκευασμένοι
1892 4815 2020 4870 εἰσί.

432 4908 606 4964 Τοῦτο
631 4910 691 4963 δέ
718 4910 839 4964 ὅλον
873 4908 1206 4981 κατόρθωμα
1235 4907 1334 4979 τῆς
1365 4904 1678 4969 θεοσεϐείας
1698 4904 1798 4975 τῆς
1831 4903 1952 4976 σῆς.

991 5028 1176 5080 ΣΛΑ’.
1227 5021 1463 5090 Ἀδολίᾳ

507 5115 775 5180 Πολλάκις
817 5116 916 5189 μὲν
961 5113 1382 5186 ἐπεστάλκαμέν
1431 5129 1525 5167 σου
1558 5110 1695 5183 πρὸς
1723 5109 1823 5181 τὴν
1860 5108 2024 5163 εὐλα-

437 5212 612 5278 ϐειαν,
644 5209 759 5264 ἀλλ’
789 5209 891 5263 οὐκ
920 5209 1084 5280 ἀρκεῖ
1121 5208 1281 5263 τοῦτο
1320 5207 1384 5262 τὸ
1420 5205 1683 5270 πολλάκις
1710 5205 1865 5276 ἡμῖν,
1908 5201 2024 5257 ἀλλ’

436 5300 771 5373 ἐϐουλόμεθα
803 5300 900 5371 μὲν
944 5299 1066 5355 καθ’
1112 5299 1352 5371 ἑκάστην
1381 5296 1595 5369 ἡμέραν
1622 5294 1790 5385 τοῦτοΙ
1829 5296 2024 5348 ποιεῖν.

440 5391 615 5451 υἷσθα
642 5392 752 5466 γὰρ
785 5395 935 5458 ὅπως
961 5393 1283 5465 διακείμεθα
1312 5392 1443 5463 περὶ
1473 5390 1573 5461 τὴν
1606 5388 1904 5463 ἐμμέλειαν
1928 5388 2030 5460 τὴν

442 5490 562 5561 σήν.
614 5486 830 5561 Ἐπειδὴ
870 5487 929 5542 δὲ
973 5485 1134 5541 τοῦτο
1161 5488 1264 5541 οὑκ
1295 5484 1396 5548 ένι,
1446 5483 1611 5556 ἡνίκα
1642 5482 1710 5537 ἀν
1747 5481 1865 5555 ἐξῇ,
1897 5481 2030 5553 ἡμῖν

442 5581 623 5645 αὐτοῖς
642 5579 711 5635 τὰ
737 5579 968 5652 μέγιστα
994 5576 1350 5649 χαριζόμενοι
1380 5574 1481 5646 τὴν
1505 5571 1864 5644 ὀφειλομένην
1890 5568 2032 5623 ἀπο-

507 5783 531 5808 ¹¹
554 5780 751 5830 Cmslin.
778 5780 983 5828 ἐντεῦθεν
1010 5779 1255 5840 δεξόμεθα.

505 5840 536 5882 δ
555 5844 654 5893 Alii
675 5843 755 5890 καὶ
772 5842 942 5891 τούτου
966 5842 1189 5905 μάλιστα.

1086 335 1143 391 S.
1183 333 1471 391 JOANNIS
1507 331 1997 391 CHRYSOSTOMI
2035 333 2361 394 ARCHIEP.
2399 330 2947 394 CONSTANTINOP.

3594 328 3700 389 738

2118 448 2437 521 πληροῦμεν
2462 449 2788 523 πρόσρησιν,
2827 450 3066 521 συνεχῶς
3094 450 3189 505 καὶ
3208 450 3473 522 διηνεκῶς
3512 449 3716 521 βουλό-

2120 558 2272 611 μενοι
2307 541 2597 612 μανθάνειν
2618 541 2687 595 τά
2712 542 2843 612 περὶ
2862 541 2960 612 τῆς
2993 541 3181 611 ὑγείας
3194 541 3294 612 τῆς
3321 542 3441 614 σῆς,
3463 544 3576 597 καὶ
3607 541 3712 614 τῆς

2117 631 2403 704 εὐθυμίας.
2446 631 2758 705 Παρακαλῶ
2786 632 2987 697 τοίνυν,
3023 632 3194 686 είδυῖα
3222 632 3390 703 ἡλίκα
3418 636 3565 706 ἡμῖν
3617 653 3720 706 χα-

2121 723 2247 796 ρίζῃ
2296 725 2471 780 ταῦτα
2506 724 2914 791 ἐπιστέλλουσα,
2960 723 3122 797 ἔργον
3167 725 3501 798 ποιήσασθαι
3550 726 3719 783 τοῦτο

2117 816 2519 888 πρακλὴθητι,
2576 817 2638 871 τὸ
2672 816 2911 887 συνεχῶς
2951 818 3084 887 ἡμῖν
3116 815 3291 871 ταῦτα
3336 819 3718 875 ἐπιστέλλειν.

2131 908 2284 969 Ἐπεὶ
2313 909 2406 963 καὶ
2433 910 2529 964 νῦν
2555 910 2655 980 οὐχ
2679 909 2757 974 ὡς
2799 909 2989 980 ἔτυχεν
3019 910 3354 982 ἡλγὴσαμεν,
3384 912 3469 967 ὅτι
3507 913 3724 986 ἀνδρὸς

2118 1001 2305 1066 πᾶσιν,
2359 1001 2437 1064 ὡς
2472 1003 2669 1065 εἰπεῖν,
2720 1002 3023 1074 γνωρίμου,
3067 1004 3165 1057 καὶ
3208 1007 3344 1075 ἡμῖν
3386 1006 3719 1077 ἀγαπητοῦ,

2121 1090 2408 1162 μέλλοντος
2428 1092 2664 1146 ἐνταῦθα
2685 1093 3113 1164 παραγενέσθαι,
3140 1094 3237 1148 τοῦ
3265 1096 3457 1168 κυρίου
3481 1114 3597 1168 μου
3620 1097 3723 1152 τοῦ

2118 1184 2447 1254 τιμιωτάτου
2502 1184 2785 1248 Λιϐανίου,
2818 1185 2919 1239 οὐκ
2954 1184 3274 1250 ἐπέστειλας
3310 1188 3465 1258 ἡμῖν,
3506 1189 3725 1260 ἀγνοὴ-

2118 1291 2262 1328 σασα
2297 1276 2395 1347 μὲν
2421 1275 2551 1340 ἴσως
2570 1293 2585 1308 ·
2613 1275 2754 1348 πλὴν
2779 1275 2917 1331 ἀλλὰ
2945 1277 3041 1332 καὶ
3070 1277 3140 1332 δι’
3163 1277 3297 1332 αὐτὸ
3323 1278 3486 1333 τοῦτο
3512 1279 3727 1349 ἀλγοῦο

2123 1383 2244 1438 μεν,
2268 1368 2352 1422 ὅτι
2373 1369 2591 1437 ἀγνοεῖς
2613 1368 2741 1433 τοὺς
2760 1368 2974 1423 ἐκεῖθεν
3006 1370 3145 1441 πρὸς
3172 1372 3321 1441 ἡμᾶς
3349 1371 3722 1443 ἐρχομένους.

2130 1457 2322 1531 Ἡμεῖς
2353 1460 2462 1532 γάρ
2491 1462 2553 1514 οὐ
2578 1460 2866 1531 παυόμεθα
2899 1462 3390 1534 περιεργαζόμενοι
3414 1465 3516 1518 καὶ
3551 1463 3725 1519 πολυ-

2118 1552 2566 1624 πραγμονοῦντες
2605 1554 2734 1618 τοὺς
2766 1552 3018 1608 ἐντεῦθεν
3044 1555 3182 1627 πρὸς
3215 1556 3360 1627 ὑμᾶς
3397 1574 3727 1629 παραγενο-

2122 1645 2340 1715 μένους,
2370 1645 2532 1716 ἡνίκα
2546 1645 2616 1699 ἆν
2641 1645 2760 1717 ἐξῇ,
2790 1646 2858 1701 δι’
2889 1648 3109 1702 ἐκείνων
3130 1649 3263 1719 ἡμῖν
3287 1648 3389 1721 τὴν
3406 1649 3729 1722 ἐπιθυμίαν

2116 1736 2216 1808 τὴν
2265 1736 2475 1791 ἐαυτῶν
2524 1737 2889 1809 πληροῦντεςο
2929 1737 3067 1810 αὕτη
3094 1739 3154 1792 δέ
3196 1741 3318 1795 ἐστι
3368 1739 3435 1795 τὸ
3469 1739 3728 1815 συνεχῶς

2119 1827 2454 1881 ἐπιστέλλειν
2481 1828 2618 1901 πρὸς
2646 1829 2747 1901 τὴν
2776 1830 2877 1902 σὴν
2908 1829 3226 1902 ἐμμέλειαν.

2647 1963 2828 2017 ΣΛΒ’.
2866 1963 3178 2033 Καρτερία.

2192 2071 2256 2124 El
2295 2071 2482 2141 σαφῶς
2517 2073 2666 2145 ᾕδεις
2699 2074 2832 2144 ὅσην
2871 2075 3003 2147 ἡμῖν
3029 2075 3187 2141 δίδως
3223 2077 3405 2150 χάριν,
3440 2079 3542 2134 καὶ
3581 2078 3726 2153 γρά-

2121 2180 2319 2233 φουσα,
2354 2163 2451 2218 καὶ
2481 2163 2721 2237 συνεχῶς
2762 2165 3074 2237 γράφουσα,
3109 2167 3205 2221 καὶ
3233 2167 3329 2223 τοῦ
3363 2169 3593 2241 μέλιτός
3625 2189 3722 2225 σου

2118 2257 2220 2327 τῆς
2246 2255 2469 2328 ἀγάπης
2514 2256 2908 2329 ἀναχρωννῢσα
2936 2258 3006 2314 τά
3046 2258 3372 2332 γράμματα,
3421 2263 3617 2318 πάντα
3656 2264 3725 2320 ἂν

2121 2346 2422 2419 ἐποίησας,
2471 2346 2612 2401 ὥστε
2662 2348 2957 2422 δυνηθῆναι
3015 2350 3138 2404 καθ’
3191 2353 3432 2426 ἑκάστην
3495 2355 3725 2427 ἡμέραν

2121 2439 2364 2509 πέμπειν
2403 2438 2694 2504 ἐπιστολὰς
2728 2441 2880 2512 ἡμῖν.
2921 2441 3117 2495 οὐκέτι
3148 2442 3260 2515 γὰρ
3292 2446 3611 2500 Κουκουσὸν
3646 2449 3726 2500 oi-

2121 2532 2240 2585 κεῖν
2285 2530 2601 2609 νομίζομεν,
2654 2531 2776 2585 οὐδὲ
2807 2533 2866 2586 ἐν
2909 2533 3118 2606 ἐρημίᾳ
3161 2533 3390 2605 διάγειν,
3443 2536 3725 2610 τοσαύτην

2120 2626 2231 2680 ἀπὸ
2276 2625 2384 2680 τῶν
2433 2626 2783 2699 γραμμάτων
2822 2644 2916 2681 σου
2954 2629 3051 2682 καὶ
3095 2628 3197 2698 τῆς
3233 2630 3467 2701 γνησίας
3492 2632 3724 2704 ἀγάπης

2121 2718 2497 2792 καρπούμενοι
2534 2720 2635 2792 τὴν
2664 2719 3022 2792 εὐφροσύνην.
3060 2719 3134 2773 Τὸ
3161 2719 3219 2774 δὲ
3258 2722 3332 2792 μὴ
3380 2720 3544 2793 μόνον
3595 2723 3722 2776 ἐπι-

2124 2811 2318 2876 στολὰς
2346 2811 2578 2884 πέμψαι,
2613 2811 2749 2865 ἀλλά
2773 2812 2869 2866 καὶ
2895 2811 2987 2865 τὸν
3012 2811 3202 2882 κύριόν
3229 2828 3332 2883 μου
3354 2811 3446 2866 τὸν
3477 2812 3727 2867 ποθεινό·

2123 2921 2287 2958 τατον
2320 2903 2549 2974 ἀδελφὸν
2582 2907 2614 2976 ἡ
2623 2903 2741 2976 μῷν
2790 2903 3045 2959 Λιϐάνιον
3078 2903 3265 2958 πεῖσαί
3294 2921 3370 2958 ,τε
3413 2905 3721 2978 ἀναστῆναι

2125 2996 2358 3061 ἐκεῖθεν,
2382 2996 2479 3052 καὶ
2497 2997 2596 3069 τὴν
2614 2996 2925 3069 ἀποδημίαν
2950 2995 3265 3051 στείλασθαι
3290 2997 3518 3070 ταύτην,
3542 2999 3723 3070 πόσης

2123 3087 2417 3153 διαθέσεώς
2449 3090 2604 3156 ἐστι;
2636 3089 2811 3160 πόσης
2838 3089 3199 3161 κηδεμονίας;
3226 3088 3326 3144 Διά
3358 3088 3532 3144 ταῦτα
3564 3107 3722 3163 σκιρ·

2123 3179 2307 3252 τῶμεν
2341 3182 2435 3235 καὶ
2464 3180 2894 3253 εὐφραινόμεθα.
2920 3181 3170 3253 Ἀγάπης
3197 3180 3307 3254 7&9
3334 3181 3570 3254 γνησίας
3609 3181 3723 3237 τσον

2124 3273 2299 3327 οὐδέν.
2335 3272 2442 3327 Καὶ
2481 3272 2621 3346 αὐτὴ
2671 3274 2772 3345 μὲν
2804 3274 2976 3340 ἀξιοῖς
3006 3273 3104 3346 τὴν
3134 3274 3305 3346 αὐτὴν
3335 3275 3484 3344 ἡμᾶς
3518 3272 3723 3328 διασώο

2127 3364 2243 3430 ζειν
2292 3366 2556 3431 διάθεσιν,
2592 3367 2660 3439 ἡν
2690 3367 2750 3433 ἐξ
2796 3367 2974 3439 ἀρχῆς
3005 3366 3404 3439 ἐπεδειξάμεθα
3446 3366 3581 3440 περὶ
3622 3366 3723 3439 τὴν

2130 3454 2228 3527 σὴν
2254 3454 2573 3527 ἐμμέλειαν.
2627 3456 2824 3528 Ἡμεῖς
2872 3456 2931 3510 δὲ
2972 3457 3074 3511 οὐκ
3131 3456 3435 3528 ἀνεχόμεθα
3471 3456 3569 3511 ἐπὶ
3626 3456 3722 3513 τοῦ

2131 3547 2332 3619 μέτρου
2363 3548 2549 3620 μένειν
2569 3547 2783 3615 τούτου,
2812 3548 2947 3604 ἀλλά
2976 3550 3070 3604 καὶ
3096 3550 3215 3604 καθ’
3240 3551 3478 3621 ἑκάστην
3502 3549 3723 3623 ἡμέραν

2129 3639 2448 3713 προσθήκας
2490 3650 2514 3681 ο
2553 3639 2920 3714 ἐπιζητοῦμεν
2949 3642 3053 3712 τῆς
3107 3641 3235 3715 περὶ
3288 3643 3351 3696 σέ
3403 3641 3718 3707 διαθέσεως,

2126 3733 2261 3803 ἡμῖν
2290 3732 2475 3796 αὐτοῖς
2498 3732 2568 3786 τά
2603 3732 2836 3804 μέγιστα
2864 3732 3235 3806 χαριζόμενοι.
3263 3735 3340 3789 Ού
3365 3733 3475 3806 7&9
3504 3733 3722 3806 διαλιμ-

2128 3827 2372 3897 πάνομεν
2412 3827 2651 3900 συνεχῶς
2689 3830 2820 3900 παρ’
2868 3831 3083 3894 ἑαυτοῖς
3127 3829 3453 3902 στρέφοντες
3480 3828 3544 3883 τὸ
3566 3830 3723 3900 εὐγε-

2129 3918 2219 3983 νές
2252 3936 2346 3974 σου
2367 3919 2468 3990 τῆς
2488 3920 2689 3991 ψυχῆς,
2719 3919 2781 3972 τὸ
2800 3919 3094 3985 ἄπλαστον,
3127 3918 3280 3994 [728]
3306 3919 3367 3975 τὸ
3388 3919 3720 3993 ἐλευθέριον,

2127 4008 2190 4062 τὸ
2214 4008 2448 4078 φιλικὸν,
2476 4010 2539 4064 τὸ
2561 4011 2805 4082 γνήσιον,
2836 4010 2897 4064 τὸ
2923 4011 3313 4083 ἀνυπόκριτον,
3336 4012 3432 4067 καὶ
3456 4002 3723 4084 μεγίστην

2129 4099 2238 4155 ἀπὸ
2275 4098 2374 4170 τῆς
2408 4102 2630 4173 μνήμης
2667 4102 2778 4156 τῶν
2811 4102 3089 4175 λογισμῶν
3123 4103 3330 4159 τούτων
3359 4102 3721 4176 καρπούμεθα

2129 4193 2231 4265 τὴν
2281 4193 2643 4265 εὐφροσύνην.
2691 4194 2784 4248 Διὸ
2826 4196 3256 4269 παρακαλοῦμεν
3308 4195 3720 4269 θαρῤἡσασανά

2132 4282 2289 4354 ἡμῶν
2312 4286 2378 4354 τῇ
2406 4284 2617 4355 ἀγάπῃ,
2645 4285 2810 4358 μηδὲν
2833 4286 3070 4357 ἀλγῆσαι
3100 4287 3241 4360 ὑπὲρ
3264 4286 3372 4340 τῶν
3387 4286 3719 4342 ἀποσταλέν·

2129 4391 2237 4428 των
2268 4376 2420 4446 παρά
2442 4376 2541 4447 τῆς
2570 4377 2669 4448 σῆς
2701 4379 3035 4450 τιμιότητος,
3074 4380 3158 4433 ὅτι
3187 4377 3250 4449 δὴ
3281 4377 3458 4432 ταῦτα
3475 4377 3722 4449 ἀνεπέμ-

2130 4464 2331 4537 ψαμεν.
2384 4464 2462 4538 Τῇ
2516 4466 2616 4539 μὲν
2661 4468 2771 4539 γάρ
2823 4469 3061 4524 διαθέσει
3118 4470 3212 4525 καί
3254 4469 3579 4542 ἐδεξάμεθα,
3630 4472 3722 4525 καὶ

2134 4558 2522 4631 ἀπελαύσαμεν
2549 4561 2757 4616 αὐτῶν
2789 4562 2980 4633 ἐπειδὴ
3014 4561 3071 4615 δὲ
3095 4564 3154 4617 ἐν
3176 4562 3338 4636 χρείᾳ
3363 4563 3422 4617 οὐ
3457 4562 3723 4634 καθεστή-

2133 4668 2330 4724 καμεν,
2380 4651 2730 4725 ἐδηλώσαμεν
2756 4654 2902 4707 αὐτά
2924 4654 3214 4726 τηρεῖσθαι
3245 4655 3397 4728 παρά
3433 4659 3501 4728 τῇ
3536 4658 3605 4727 σῇ
3637 4657 3723 4711 εὐ-

2133 4740 2339 4814 γενείᾳ.
2390 4742 2509 4797 Κάν
2537 4759 2671 4819 ποτε
2706 4742 3068 4815 καταστῶμεν
3109 4745 3167 4799 ἐν
3218 4746 3399 4818 χρείᾳ,
3428 4745 3553 4816 ὄψει
3604 4747 3721 4817 μεθ’

2133 4833 2267 4905 ὅσης
2317 4820 2636 4907 παρρησίας
2678 4837 2773 4890 καὶ
2811 4835 2905 4890 τοῦ
2938 4836 3165 4911 θαρρεῖν
3211 4837 3552 4910 γράψαιμεν,
3584 4836 3721 4891 ὥστε

2134 4925 2269 4996 ἡμῖν
2301 4924 2700 4999 ἀποσταλῆναι,
2745 4928 2848 4983 κάν
2886 4928 3063 5002 τούτῳ
3115 4931 3176 4985 τὸ
3224 4930 3315 4984 σὺν
3358 4929 3724 5000 φυλάσσοντες

2137 5017 2310 5089 ῥῆμα.
2341 5016 2487 5090 Πρὸς
2514 5018 2624 5089 γάρ
2649 5018 2728 5091 τῷ
2747 5018 2892 5073 τέλει
2917 5021 3018 5093 τῆς
3047 5019 3335 5092 ἐπιπολῆς
3361 5020 3516 5092 ἔφης·
3541 5021 3722 5085 Δεῖξον

2135 5110 2218 5165 ὅτι
2247 5112 2498 5180 καταξιοῖ
2530 5129 2623 5167 σου
2670 5114 2704 5186 ἡ
2737 5113 3020 5168 θεοσέϐεια
3042 5114 3267 5188 θαρρεῖν
3298 5116 3452 5186 ἡμῖν,
3486 5113 3585 5169 καὶ
3614 5116 3724 5176 τοῖς

2134 5202 2430 5279 ἡμετέροις
2455 5207 2529 5272 ὡς
2562 5208 2714 5273 ἰδίοις
2744 5209 3066 5280 κεχρῆσθαι.
3091 5209 3156 5263 Et
3178 5209 3356 5264 τοίνυν
3384 5207 3526 5261 οὕτω
3546 5205 3722 5278 βούλει

2137 5297 2446 5352 διακεῖσθαι
2477 5300 2649 5370 ἡμᾶς,
2676 5298 2868 5369 ὥσπερ
2896 5294 2989 5353 οὖν
3014 5300 3108 5354 καὶ
3134 5298 3335 5370 βούλει,
3366 5298 3461 5353 καὶ
3484 5299 3597 5361 τοῖς
3615 5297 3721 5357 σοῖς

2138 5390 2215 5454 ὼς
2234 5389 2385 5454 ίδίοις
2407 5389 2733 5463 κεχρῆσθαι,
2762 5390 2928 5463 ἡνίκα
2958 5389 3025 5445 ἂν
3043 5390 3352 5454 ἐπιστείλω,
3376 5390 3497 5443 τότε
3517 5389 3719 5460 πέμπε.

2140 5482 2248 5537 Τοῦ
2281 5482 2390 5555 γὰρ
2438 5482 2548 5537 ἴδια
2582 5482 2723 5537 αύτά
2771 5483 3036 5556 νομίζειν,
3092 5483 3250 5538 τοῦτο
3297 5482 3552 5556 μέγιστόν
3608 5480 3722 5532 ἐστι

2206 5704 2369 5766 εἰ)οο
2390 5702 2866 5766 πιεβμπροσθήκηνηα
3219 5763 3231 5766 _
3271 5762 3284 5766 _
3504 5724 3508 5735 ε
3596 5755 3612 5766 .
3664 5753 3685 5764 ς

2168 5827 2188 5837 δ
2204 5764 2382 5890 11551;;-
2395 5755 2717 5830 θαῤῥήὁασανξ
2737 5755 2889 5814 Sam.
2916 5767 2972 5812 et
2993 5775 3121 5813 unus
3143 5763 3251 5813 cod.
3266 5760 3576 5826 θαῤῥήσαντες
3590 5755 3719 5815 ὕμῶν

2133 5844 2191 5891 τη
2254 5842 2315 5889 γα
2389 5861 2402 5875 ο
