3950 6376
212 370 322 427 757

208 485 502 556 cupimus;
547 480 643 538 sed
689 496 756 536 ne
806 478 1003 535 multos
1047 476 1334 542 Iaedamus,
1361 474 1452 545 qui
1481 479 1537 529 et
1562 468 1808 526 manibus

202 577 316 633 tuis
351 574 612 644 indigent,
641 579 697 627 et
723 571 898 640 lingua
922 581 1031 636 tua,
1055 568 1292 638 tantique
1321 572 1506 636 portus
1533 578 1595 618 ac
1620 561 1806 631 refugii

209 667 417 723 aditum
464 664 571 719 illis
619 661 1054 728 intercludamus,
1089 659 1195 714 huc
1242 666 1295 713 te
1344 655 1653 728 pertrahere
1701 667 1807 707 non

208 760 492 816 audemus.
525 758 632 814 Sed
671 756 1110 828 quotiescumque
1155 751 1375 807 facultas
1399 751 1632 812 dabitur,
1660 755 1717 802 ut
1741 745 1806 799 ad

209 867 315 908 nos
344 866 487 920 saepe
513 851 697 906 literas
740 848 836 903 des
864 847 1234 912 obsecramus,
1268 842 1442 914 deque
1487 852 1573 897 tua
1602 841 1808 896 valetu-

208 945 340 1000 dine
363 943 622 999 certiores
650 957 748 996 nos
784 940 969 995 facias.
1001 939 1090 994 Sic
1133 939 1274 994 enim
1301 951 1620 1008 quamquam
1650 935 1808 1004 longo

209 1034 494 1089 intervallo
545 1031 715 1087 dissiti
740 1073 755 1097 ,
785 1031 1020 1100 acceptis
1045 1045 1075 1082 a
1101 1038 1191 1084 tua
1237 1028 1498 1083 suavitate
1545 1025 1808 1096 ejusmodi

210 1125 405 1192 literis,
432 1124 654 1180 multam
685 1123 1104 1178 consolationem
1136 1120 1504 1190 percipiemus.

425 1233 720 1290 CCXXIX.
766 1235 990 1290 Severw.
1019 1233 1251 1304 (Cucuso
1277 1246 1418 1285 anno
1444 1229 1596 1300 404.)

278 1368 546 1442 Equidem
594 1377 738 1423 tuam
780 1367 1109 1423 nobilitatem
1137 1363 1410 1435 corporeis
1451 1364 1619 1419 oculis
1648 1378 1808 1416 num-

204 1477 371 1533 quam
399 1461 530 1528 vidi,
574 1460 815 1515 caritatis
857 1469 1036 1512 autem
1080 1457 1249 1512 oculis
1298 1456 1534 1510 omnium
1576 1453 1806 1509 maxime

205 1554 470 1624 conspexi
504 1570 518 1607 :
550 1551 979 1623 quandoquidem
1031 1550 1178 1604 nullo
1229 1547 1568 1618 quantumvis
1614 1561 1808 1616 magno

203 1647 487 1718 regionum
526 1644 812 1699 intervallo
843 1650 1018 1712 potest
1064 1639 1325 1709 ejusmodi
1351 1646 1670 1708 conspectus
1701 1637 1806 1690 im-

202 1736 401 1804 pediri.
449 1736 586 1791 Cum
617 1736 758 1790 enim
789 1735 962 1789 zelum
993 1750 1054 1788 ac
1081 1732 1315 1787 studium
1341 1731 1494 1786 nobis
1523 1740 1628 1784 tua:
1653 1728 1807 1784 nobi-

201 1830 372 1883 litatis
428 1842 526 1897 pro
572 1838 716 1882 recta
769 1827 875 1882 lidc
920 1826 1166 1881 dominus
1213 1839 1364 1879 meus
1408 1823 1806 1878 amantissimus

199 1921 461 1976 Libanius
496 1920 676 1974 verbis
707 1919 1094 1988 expressisset,
1126 1931 1448 1987 magnopere
1476 1929 1574 1969 nos
1610 1913 1801 1968 erexit.

196 2014 325 2078 Quo
365 2011 563 2067 factum
595 2022 698 2079 est,
731 2021 790 2066 ut
820 2010 1032 2066 tametsi
1071 2024 1362 2079 numquam
1394 2017 1446 2064 te
1473 2007 1799 2073 viderimus,

196 2105 413 2176 priores
441 2103 509 2158 ad
539 2103 793 2173 pietatem
825 2112 967 2157 tuam
1009 2101 1400 2170 scripserimus,
1431 2099 1600 2168 ipsam
1646 2113 1804 2153 oran-

198 2205 307 2261 tes,
359 2205 417 2248 ut
444 2193 660 2263 quando
699 2191 923 2247 facultas
965 2191 1196 2256 dabitur,
1245 2189 1312 2244 ad
1359 2204 1457 2244 nos
1486 2189 1709 2244 scribas.
1745 2187 1802 2243 Si

193 2287 347 2342 enim
374 2302 404 2342 a
449 2294 538 2342 tua
587 2287 849 2342 suavitate
901 2285 1213 2341 transmissa
1258 2283 1560 2354 perferatur
1606 2283 1673 2338 ad
1703 2296 1803 2337 nos

198 2379 433 2450 epistola
457 2421 473 2445 ,
505 2394 624 2450 qua:
653 2378 721 2434 de
752 2389 839 2434 tua
867 2378 1166 2433 valetudine
1196 2379 1452 2433 certiores
1480 2391 1578 2432 nos
1605 2376 1798 2444 faciat,

193 2469 460 2535 maximo,
489 2469 616 2524 dum
645 2470 696 2524 in
725 2468 824 2525 hac
854 2477 1036 2524 extera
1063 2469 1284 2540 regione
1313 2469 1575 2538 degimus,
1607 2468 1802 2523 solatio

192 2573 490 2616 maerorem
537 2569 777 2615 nostrum
819 2559 1101 2629 mitigabit.
1149 2559 1292 2615 Nihil
1335 2560 1478 2614 enim
1507 2568 1589 2615 est
1614 2599 1627 2625 ,
1657 2557 1800 2630 quod

193 2667 327 2707 cum
355 2651 577 2706 caritate
603 2649 833 2706 conferri
865 2653 1053 2721 possit.

264 2779 536 2837 CCXXX.
580 2779 789 2852 Elpidio
822 2783 1080 2852 episcopo.
1123 2780 1357 2852 (Cucuso
1389 2797 1532 2838 anno
1573 2781 1726 2855 404.)

261 2915 512 2986 Magnam
537 2914 756 2969 domino
788 2929 910 2970 meo
935 2916 1303 2972 amantissimo
1324 2916 1548 2972 Libanio
1573 2917 1797 2987 gratiam

194 3007 404 3073 habeo,
435 3007 575 3076 quod
599 3016 654 3061 et
685 3007 848 3062 domo
874 3022 970 3062 sua
997 3009 1264 3076 excessit,
1285 3018 1337 3064 et
1370 3009 1474 3064 huc
1503 3011 1683 3077 venit,
1735 3024 1798 3066 ac

190 3113 385 3156 rursus
411 3098 476 3152 ad
498 3100 852 3154 reverentiam
882 3109 1025 3154 tuam
1054 3099 1322 3169 profectus
1347 3110 1430 3156 est
1455 3120 1468 3154 :
1498 3112 1660 3172 atque
1683 3101 1801 3171 ejus

190 3191 270 3246 rei
308 3204 471 3244 causa
499 3191 730 3246 maxime
775 3191 1000 3262 gratiam
1033 3193 1108 3246 illi
1144 3192 1334 3248 habeo.
1377 3192 1435 3248 ld
1476 3195 1618 3249 enim
1653 3195 1800 3250 omni

190 3282 364 3336 animi
407 3282 748 3337 contentione
776 3283 988 3350 studeo,
1022 3293 1082 3338 ut
1122 3284 1216 3339 tibi
1239 3283 1308 3339 ab
1326 3285 1576 3341 omnibus
1625 3285 1800 3341 honor

191 3375 622 3445 obsequiumque
648 3374 921 3430 deferatur
949 3390 965 3430 :
992 3391 1098 3431 non
1128 3376 1271 3447 quod
1297 3387 1353 3432 tu
1379 3379 1494 3433 istis
1520 3379 1757 3450 indigeas
1779 3419 1796 3446 ,

191 3467 291 3532 sed
318 3467 571 3536 quoniam
599 3466 701 3522 hoc
726 3468 980 3524 Ecclesiis
1011 3479 1093 3524 est
1121 3469 1272 3538 utile,
1298 3485 1418 3525 cum
1447 3471 1512 3526 iis
1531 3487 1650 3541 quae
1680 3487 1802 3540 per-

191 3561 573 3631 seqttutioncm
625 3561 916 3630 patiuntur,
949 3571 1059 3616 tum
1103 3561 1206 3616 illis
1244 3578 1363 3632 qua:
1415 3564 1798 3632 tranquillitate

192 3655 466 3707 fruuntur.
507 3653 726 3708 Gratam
773 3654 930 3724 igitur
966 3663 1020 3709 et
1069 3663 1340 3724 acceptam
1385 3654 1589 3710 habens
1637 3657 1801 3724 ipsius

193 3749 656 3816 benevolentiam,
682 3749 898 3804 domine
929 3751 1001 3802 ini
1034 3749 1478 3804 reverendissime
1504 3765 1567 3804 ac
1586 3751 1802 3820 religio-

191 3841 445 3904 sissime,
475 3856 596 3895 cum
625 3841 695 3896 ab
736 3856 802 3895 eo
832 3840 1115 3910 diligenter
1144 3850 1334 3895 cuncta
1372 3840 1651 3908 didiceris,
1682 3857 1800 3912 quae

193 3931 536 4000 Antiochize,
567 3947 794 4002 quaeque
831 3933 970 4002 apud
999 3947 1097 3988 nos
1137 3942 1394 4000 geruntur
1419 3931 1581 4003 (nam
1621 3941 1676 3988 et
1701 3934 1802 3988 ista

194 4024 468 4091 narrabit,
517 4025 609 4094 qui
640 4025 851 4080 tametsi
893 4025 1186 4095 perexiguo
1229 4034 1468 4093 tempore
1521 4024 1799 4080 nobiscum

194 4127 446 4174 versatus
471 4126 583 4184 est,
607 4116 732 4187 quid
761 4127 938 4171 tamen
967 4133 1145 4171 rerum
1173 4132 1420 4186 geramus
1449 4115 1675 4186 didicit),
1704 4116 1801 4170 lae-

198 4221 312 4265 tum
355 4209 499 4263 illum
529 4208 864 4278 hilaremque
894 4208 1123 4264 dimitte.
1165 4209 1356 4279 Magno
1381 4209 1525 4264 enim
1553 4208 1803 4264 amicitiae

197 4314 305 4355 tua:
363 4298 630 4354 desiderio
679 4309 910 4367 tenetur,
956 4315 1020 4354 ac
1062 4300 1365 4354 vehementi
1414 4301 1582 4354 nostri
1619 4315 1804 4354 amore

196 4394 413 4464 agrat.
453 4390 892 4446 Amantissimum
921 4405 983 4444 ac
1002 4391 1506 4445 reverendissimum
1527 4390 1801 4446 dominum

198 4499 387 4541 meum
443 4485 803 4556 Asyncritium
855 4483 1224 4555 presbyterum
1263 4485 1398 4538 meis
1434 4484 1613 4538 verbis
1642 4483 1802 4538 velim

196 4578 426 4642 salutes,
444 4592 549 4630 una
575 4592 698 4631 cum
723 4575 1105 4630 amantissimis
1121 4575 1237 4644 ejus
1256 4574 1458 4638 liberis,
1484 4590 1805 4645 omnemque

199 4677 356 4722 tuum
399 4669 636 4732 clerum,
667 4681 824 4736 quem
859 4665 1007 4720 brevi
1051 4666 1307 4735 temporis
1349 4665 1520 4736 spatio
1563 4674 1711 4720 tuum
1750 4666 1805 4720 in

199 4776 302 4814 nos
333 4774 572 4814 amorem
596 4758 791 4813 imitari
812 4757 1060 4813 docuisti.
1100 4756 1286 4827 Neque
1311 4758 1452 4813 enim
1501 4757 1552 4811 id
1589 4774 1688 4814 nos
1728 4759 1808 4812 fu-

198 4853 296 4921 git,
332 4858 587 4920 quantam
617 4851 672 4904 in
699 4865 796 4904 nos
821 4850 1097 4904 caritatem
1124 4865 1234 4919 pra:
1260 4864 1319 4904 se
1347 4847 1600 4916 tulerunt,
1623 4860 1676 4904 et
1701 4865 1806 4920 quo

200 4951 369 5011 pacto
393 4942 566 5014 parati
596 4943 703 4996 sint
742 4957 808 4997 eo
847 4944 1062 4996 nomine
1096 4951 1287 4996 cuncta
1315 4941 1552 5012 perferre
1589 4957 1652 4996 ac
1680 4957 1805 5012 per-

203 5050 391 5104 agere.
432 5033 566 5088 Illud
595 5049 725 5090 vero
768 5034 1082 5104 praeclarum
1134 5032 1341 5108 facinus
1380 5045 1544 5090 totum
1589 5046 1671 5092 est
1701 5046 1806 5092 tua).

203 5127 396 5199 pietati
421 5136 697 5197 acceptum
725 5127 1022 5182 ferendum.

416 5239 712 5296 CCXXXI.
757 5240 972 5294 Adolite.
1019 5237 1249 5312 (Cucuso
1280 5254 1422 5294 anno
1450 5239 1605 5307 404.)

284 5354 622 5425 Frequenter
655 5353 872 5423 quidem
899 5352 964 5407 ad
993 5353 1243 5422 pietatem
1275 5360 1418 5406 tuam
1449 5351 1632 5406 literas
1655 5351 1808 5406 dedi-

210 5459 360 5510 mus,
389 5445 482 5500 sed
514 5445 628 5499 haec
653 5444 949 5514 frequentia
982 5443 1135 5498 nobis
1156 5459 1262 5497 non
1285 5442 1514 5510 sufficit,
1541 5459 1726 5498 verum
1757 5444 1810 5499 id

212 5552 377 5608 agere
396 5537 619 5608 singulis
646 5537 836 5592 diebus
855 5552 1186 5605 cnperemus.
1209 5536 1325 5591 Scis
1341 5537 1485 5591 enim
1502 5553 1606 5608 quo
1631 5539 1811 5594 animo

205 5643 345 5698 erga
372 5637 514 5684 tuam
539 5629 854 5684 suavitatem
885 5629 1072 5683 simus.
1115 5627 1340 5695 Quando
1382 5639 1562 5684 autem
1603 5629 1658 5684 id
1701 5643 1812 5685 non

217 5720 369 5786 licet,
398 5720 606 5792 quoties
633 5720 854 5775 facultas
879 5721 1054 5787 datur,
1084 5720 1317 5774 maximo
1348 5734 1445 5774 nos
1477 5720 1620 5789 ipsos
1647 5717 1814 5776 afflci-

217 5828 342 5867 mus
368 5813 626 5871 beneficio
644 5856 660 5884 ,
684 5795 810 5870 duni
833 5815 1166 5869 salutationis
1193 5812 1429 5869 debitum
1463 5831 1656 5870 munus
1683 5831 1807 5887 per-

1670 351 2046 410 EPISTOLE.

3401 351 3502 411 758

1916 467 2193 534 solvimus,
2225 483 2289 525 ac
2311 469 2380 526 de
2400 480 2576 526 vestra
2605 471 2909 530 valetudine
2936 462 3094 548 atque
3116 476 3378 534 hilaritate
3393 483 3508 537 sine

1919 559 2312 615 intermissione
2339 576 2402 616 ac
2435 571 2693 634 perpetuo
2721 565 2991 635 quidpiam
3032 568 3220 625 audire
3260 575 3508 641 percupi-

1918 667 2054 706 mus.
2098 652 2228 708 Cum
2272 651 2429 722 igitur
2457 654 2716 726 intelligas
2743 666 2993 726 quantam
3023 674 3054 714 a
3102 659 3256 716 nobis
3284 663 3505 733 gratiam

1916 745 2115 799 initura
2157 746 2265 811 sis,
2295 747 2504 816 quoties
2532 763 2594 801 ea
2631 747 2698 803 de
2720 765 2778 804 re
2801 749 2870 804 ad
2897 766 2994 805 nos
3020 753 3222 808 scribes
3244 796 3258 820 ,
3291 771 3387 810 oro
3417 765 3501 823 te,

1917 851 2132 892 omnem
2163 853 2380 907 operam
2429 839 2645 906 adhibe,
2677 850 2736 896 ut
2755 857 2898 912 saepe
2920 843 2986 897 ad
3017 860 3115 900 nos
3139 846 3206 902 de
3233 865 3299 903 eo
3325 849 3507 906 literas

1915 931 2097 986 mittas
2128 947 2142 983 :
2173 931 2435 1002 siquidem
2478 948 2586 987 non
2631 934 2956 990 mediocrem
2995 937 3134 992 istud
3177 939 3330 994 nobis
3355 941 3507 997 dolo-

1914 1040 2027 1078 rem
2055 1025 2276 1091 innssit,
2306 1025 2448 1096 quod
2473 1042 2594 1081 cum
2622 1028 2706 1082 vir
2730 1029 2982 1084 omnibus
3006 1045 3173 1101 prope
3213 1043 3370 1089 notus
3409 1051 3507 1090 no-

1915 1115 2100 1184 bisque
2125 1131 2376 1186 percarus
2397 1117 2501 1172 huc
2518 1119 2852 1188 profecturus
2868 1131 3011 1176 esset
3026 1125 3506 1183 reverendissimus

1911 1205 2160 1261 dominus
2188 1222 2341 1264 meus
2370 1208 2641 1275 Libanius,
2671 1210 2739 1266 ad
2765 1227 2862 1266 nos
2893 1212 3166 1268 literarum
3185 1215 3313 1271 nihil
3337 1216 3504 1274 dede-

1913 1299 2011 1366 ris,
2040 1299 2266 1356 fortasse
2306 1302 2448 1372 quod
2493 1303 2974 1376 ignorares:alqui
3025 1307 3126 1363 hoc
3175 1310 3348 1380 ipsum
3399 1320 3502 1379 est,

1912 1395 2051 1463 quod
2073 1409 2170 1450 nos
2199 1395 2340 1451 male
2367 1395 2547 1460 habet,
2571 1397 2713 1467 quod
2742 1399 2831 1469 qui
2858 1400 3075 1456 veniant
3098 1401 3254 1457 istinc
3281 1403 3348 1458 ad
3369 1420 3467 1460 nos
3485 1446 3500 1472 ,

1912 1489 2142 1556 ignores.
2183 1486 2295 1542 Nos
2323 1488 2464 1543 enim
2488 1489 2746 1544 sciscitari
2767 1505 2831 1545 ac
2859 1491 3072 1547 curiose
3097 1493 3368 1564 inquirere
3393 1511 3498 1550 non

1911 1593 2203 1646 cessamus,
2235 1580 2453 1649 quinam
2510 1580 2635 1636 hinc
2678 1582 2746 1637 ad
2797 1599 2895 1638 vos
2950 1593 3203 1655 pergant,
3234 1594 3292 1640 ut
3318 1602 3503 1642 eorum

1909 1685 2069 1739 opera
2109 1670 2434 1726 desiderium
2477 1680 2722 1726 nostrum
2766 1673 3079 1744 expleamus
3109 1690 3122 1726 :
3157 1675 3208 1729 id
3252 1677 3503 1731 nimirum

1911 1762 2016 1816 tale
2045 1771 2147 1826 est,
2177 1774 2234 1816 ut
2268 1762 2337 1818 ad
2391 1772 2536 1818 tuam
2569 1763 2880 1819 suavitatem
2932 1765 3051 1821 sine
3108 1766 3504 1824 intermissione

1909 1853 2226 1909 scribamus.

2087 1988 2220 2045 CCX
2221 1989 2357 2044 XXI
2365 1990 2391 2045 1
2403 2030 2417 2046 .
2459 1990 2716 2047 Carleriae.
2742 1993 2976 2066 (Cucuso
3004 2010 3144 2052 anno
3171 1996 3325 2070 404.)

1979 2123 2037 2180 Si
2067 2122 2233 2194 probe
2261 2139 2480 2191 nosses,
2513 2134 2766 2196 quantam
2810 2142 2856 2182 a.
2879 2128 3033 2184 nobis
3061 2130 3283 2199 gratiam
3323 2131 3501 2196 ineas,

1907 2213 2034 2269 dum
2063 2214 2132 2269 ad
2161 2230 2260 2270 nos
2288 2216 2498 2282 scribis,
2529 2225 2583 2271 et
2604 2216 3033 2287 frequentissime
3063 2220 3252 2274 scribis
3273 2262 3290 2289 ,
3312 2235 3375 2276 ac
3401 2231 3503 2276 tua:

1906 2305 2143 2359 caritatis
2169 2305 2330 2360 melle
2358 2305 2538 2360 literas
2563 2306 2760 2362 oblinis
2781 2349 2797 2373 ,
2829 2323 3042 2364 onmem
3086 2324 3304 2379 Operam
3347 2311 3503 2366 adhi-

1906 2395 2082 2462 beres,
2115 2405 2174 2451 ut
2210 2396 2434 2467 singulis
2475 2397 2667 2452 diebus
2694 2397 2762 2452 ad
2805 2413 2906 2453 nos
2947 2399 3202 2469 epistolas
3241 2402 3502 2458 mitteres.

1905 2487 2023 2543 Non
2047 2488 2191 2544 enim
2213 2488 2324 2558 jam
2359 2487 2626 2545 Cucusum
2668 2505 2767 2544 nos
2791 2488 3032 2546 habitare
3069 2507 3380 2561 censemus,
3414 2510 3508 2549 ne-

1904 2594 2010 2649 que
2033 2580 2089 2634 in
2113 2579 2400 2636 solitudine
2419 2580 2616 2650 degere
2634 2622 2648 2645 ,
2677 2589 2878 2636 tantam
2908 2597 2973 2636 ex
2999 2581 3169 2638 literis
3199 2587 3302 2638 tuis
3327 2600 3390 2640 ac
3418 2594 3504 2640 tua

1905 2673 2118 2726 sincera
2147 2672 2370 2727 caritate
2410 2674 2736 2742 voluptatem
2767 2672 3062 2729 haurimus.
3119 2676 3272 2743 Quod
3323 2685 3502 2733 autem

1905 2778 2012 2817 non
2062 2762 2244 2818 literas
2284 2770 2490 2816 tantum
2537 2763 2769 2830 miseris,
2799 2763 2893 2819 sed
2922 2766 3082 2820 etiam
3110 2765 3330 2821 domino
3383 2783 3506 2823 meo

1904 2853 2254 2908 dilectissimo
2306 2853 2455 2908 fratri
2509 2863 2695 2909 nostro
2744 2855 2966 2910 Libanio
3017 2859 3348 2925 persuaseris
3375 2900 3390 2924 ,
3450 2869 3508 2914 ut

1904 2945 2062 3000 istinc
2087 2945 2350 3009 solveret,
2375 2955 2429 3000 et
2454 2946 2934 3015 peregrinationem
2981 2946 3136 3002 istam
3181 2949 3501 3018 susciperet,

1905 3044 2118 3104 quantae
2147 3035 2287 3090 istud
2313 3046 2394 3090 est
2413 3035 2798 3091 benevolentia:
2813 3037 2838 3089 i
2854 3046 3067 3106 quanta:
3088 3037 3501 3094 sollicitudinis?

1907 3128 2019 3184 llac
2044 3128 2112 3183 de
2142 3142 2302 3183 causa
2332 3127 2575 3181 laetamur
2589 3137 2644 3182 et
2666 3129 3015 3183 exsultamus.
3056 3128 3200 3184 Nihil
3228 3132 3370 3186 enim
3395 3140 3502 3199 est,

1905 3222 2047 3293 quod
2099 3237 2222 3276 cum
2269 3221 2490 3276 caritate
2527 3220 2761 3276 conferri
2812 3221 3003 3291 possit.
3043 3221 3220 3292 Atque
3267 3238 3296 3277 a
3349 3223 3506 3278 nobis

1904 3313 2118 3384 quidem
2150 3313 2263 3383 ipsa
2286 3312 2520 3382 postulas
2538 3353 2554 3378 ,
2578 3321 2635 3366 ut
2659 3312 2902 3367 eamdem
2923 3327 3306 3368 conservemus
3334 3314 3503 3370 bene-

1907 3407 2232 3470 volentiam,
2259 3420 2418 3472 quam
2448 3419 2480 3458 a
2519 3403 2778 3474 principio
2802 3418 2929 3474 erga
2957 3411 3012 3458 te
3040 3419 3150 3474 prae
3186 3405 3341 3460 nobis
3378 3405 3503 3460 tuli-

1905 3511 2027 3551 mus
2056 3512 2069 3548 :
2096 3506 2149 3549 at
2181 3510 2278 3549 nos
2304 3494 2490 3549 eadem
2544 3493 2635 3548 illa
2680 3508 2931 3549 mensura
2966 3495 3202 3549 contenti
3245 3510 3365 3550 esse
3396 3511 3506 3552 non

1908 3602 2222 3658 possumus,
2263 3587 2356 3640 sed
2410 3585 2648 3654 quotidie
2681 3601 2940 3641 conamur
2979 3587 3227 3642 affectum
3265 3588 3416 3644 illum
3451 3597 3507 3644 et

1906 3677 2190 3732 amicitiam
2213 3690 2337 3746 erga
2366 3683 2416 3729 te
2442 3689 2575 3729 nova
2597 3676 2844 3746 quapiam
2871 3677 3178 3732 accessione
3207 3679 3501 3746 cumulare,

1906 3770 2048 3840 quod
2075 3769 2200 3824 dum
2231 3771 2434 3839 agimus
2457 3809 2470 3833 ,
2496 3768 2758 3823 beneficio
2785 3784 2882 3824 nos
2913 3769 3057 3839 ipsos
3095 3769 3358 3825 afficimus
3391 3787 3505 3825 ma-

1907 3864 2070 3917 ximo.
2102 3860 2218 3916 Non
2267 3861 2412 3915 enim
2463 3859 2757 3914 desinimus
2796 3869 2976 3916 mente
3013 3876 3227 3916 versare
3264 3877 3384 3932 quae
3436 3863 3505 3918 sit

1908 3957 2158 4010 nobilitas
2187 3955 2381 4009 anima:
2413 3962 2536 4022 tute,
2567 3970 2687 4024 quae
2716 3953 3017 4018 sinceritas,
3048 3954 3346 4024 ingenuitas
3372 3955 3506 4009 ami-

1908 4048 2068 4114 citiae,
2099 4055 2153 4102 et
2171 4046 2374 4101 candor
2395 4045 2463 4099 ab
2477 4045 2624 4101 omni
2645 4045 3067 4100 dissimulatione
3087 4046 3314 4112 alienus,
3333 4056 3388 4101 et
3411 4061 3505 4101 co-

1909 4139 2220 4210 gitatiouum
2249 4138 2470 4192 istarum
2501 4139 2758 4192 memoria
2784 4139 3014 4192 maxima
3042 4138 3224 4193 laetitia
3251 4153 3352 4193 nos
3378 4154 3506 4208 per

1909 4231 2099 4285 fundit.
2141 4229 2400 4296 Quoeirca
2433 4238 2486 4284 te
2513 4228 2879 4295 obsecramus,
2904 4237 2960 4283 ut
2989 4229 3058 4284 de
3079 4237 3258 4284 nostra
3285 4229 3507 4286 caritate

1911 4336 2120 4388 secura,
2144 4321 2363 4375 minime
2385 4319 2570 4376 doleas
2627 4329 2848 4391 propter
2869 4335 2932 4375 ea
2957 4335 3079 4390 quae
3098 4336 3127 4374 a
3156 4329 3244 4376 tua
3273 4337 3506 4377 venera-

1912 4413 2056 4468 tione
2088 4413 2399 4467 transmissa
2428 4420 2572 4475 sunt,
2599 4411 2740 4480 quod
2762 4425 2825 4466 ea
2851 4411 3100 4465 nimirum
3118 4412 3505 4466 remiserimus.

1911 4503 2183 4572 Siquidem
2211 4502 2403 4558 affectu
2427 4502 2543 4572 ipso
2575 4511 2630 4556 et
2651 4502 2988 4572 accepimus,
3011 4487 3070 4556 et
3097 4503 3200 4558 illis
3240 4503 3388 4573 potiti
3418 4519 3510 4557 su-

1913 4613 2066 4662 mus;
2097 4596 2191 4651 sed
2227 4595 2476 4665 quoniam
2507 4595 2648 4649 nulla
2679 4603 2916 4664 egestate
2946 4594 3270 4664 premimur,
3301 4595 3506 4664 signifi-

1913 4689 2170 4754 cavimus,
2197 4697 2254 4742 ut
2279 4687 2526 4741 nobilitas
2553 4697 2638 4740 tua
2667 4687 2754 4740 illa
2781 4695 3066 4740 conservet
3090 4704 3105 4741 :
3141 4687 3281 4756 quod
3298 4687 3342 4740 si
3372 4687 3508 4744 forte

1913 4794 2220 4850 premamur
2235 4785 2490 4848 egestate,
2507 4776 2714 4832 videbis
2734 4785 2930 4846 quanta
2947 4775 3191 4831 libertate
3208 4777 3508 4848 duciaque

1915 4873 2250 4934 scribemus,
2279 4878 2338 4924 ut
2383 4869 2450 4924 ad
2492 4883 2592 4924 nos
2633 4869 2944 4933 mittantur,
2989 4867 3126 4922 etin
3169 4868 3270 4922 hoc
3296 4883 3510 4938 quoque

1915 4966 2020 5019 tuis
2048 4964 2207 5019 dictis
2241 4963 2566 5034 parebimus.
2606 4961 2694 5016 Sic
2729 4961 2871 5016 enim
2907 4961 3006 5016 sub
3058 4963 3220 5016 linem
3268 4962 3510 5033 epistola:

1916 5057 2116 5123 dixisti,
2139 5054 2372 5111 Ostende
2412 5066 2555 5110 tuam
2603 5054 2856 5126 pietatem
2905 5053 3060 5108 nobis
3099 5055 3392 5122 confidere,
3446 5070 3510 5110 ac

1921 5149 2086 5204 rebus
2116 5149 2314 5206 nostris
2337 5157 2602 5218 tamquam
2637 5145 2865 5216 propriis
2885 5146 2980 5202 uti.
3005 5146 3230 5213 Quando
3255 5147 3416 5218 igitur
3433 5147 3511 5202 sic

1920 5240 2100 5293 animo
2139 5254 2236 5294 nos
2264 5238 2484 5294 allectos
2516 5253 2638 5293 esse
2666 5238 2780 5302 vis,
2819 5247 2876 5291 ut
2911 5237 3095 5307 procul
3131 5237 3296 5292 dubio
3319 5238 3432 5303 vis,
3455 5247 3512 5292 et

1918 5331 2025 5385 tuis
2056 5331 2218 5386 rebus
2247 5339 2514 5400 tamquam
2538 5329 2768 5399 propriis
2788 5329 2883 5393 uti,
2902 5343 3024 5383 cum
3050 5328 3116 5382 ad
3143 5338 3194 5384 te
3219 5328 3506 5399 scripsero,

1987 5435 2012 5496 1_
2031 5434 2188 5496 Savil.
2206 5441 2256 5481 et
2281 5447 2407 5482 unus
2425 5433 2553 5496 cod,
2575 5430 2802 5496 quocirca
2831 5433 3156 5490 obsecramus,
3178 5439 3356 5496 vestra;
3372 5431 3504 5480 cari-

1923 5493 2012 5561 tati
2033 5494 2342 5561 condentes,
2364 5494 2565 5561 minime
2584 5492 2768 5544 dolere.
2853 5497 3068 5561 l'traque
3095 5497 3261 5561 lectio,
3293 5510 3322 5561 )_
3345 5492 3505 5561 inquit

1923 5554 2158 5618 Duczeus,
2259 5555 2374 5618 ferri
2401 5563 2564 5617 potest
2585 5563 2786 5618 :tamen
2817 5554 3033 5618 ampleii
3071 5556 3278 5606 alteram
3303 5554 3502 5612 fuimus,

1922 5617 2054 5679 quod
2096 5617 2260 5667 minus
2305 5617 2536 5666 usitatum
2580 5617 2648 5666 sit
2674 5617 3038 5677 (lhrysostumo,
3065 5631 3213 5666 unum
3241 5617 3505 5679 pluraliter

1923 5675 2128 5748 alloqui,
2155 5689 2215 5748 ut_
2234 5683 2287 5729 tit
2315 5693 2406 5743 per
2427 5693 2612 5748 vocem,
2638 5675 2812 5748 castra:
2841 5678 3034 5748 ),
3057 5675 3291 5748 quodque
3322 5675 3372 5725 in
3401 5684 3500 5726 tota

1922 5740 2014 5789 hac
2039 5738 2249 5803 epistola
2288 5738 2575 5804 pronomina
2601 5738 3111 5806 'singularis'numeri
3142 5738 3326 5790 tantum
3359 5752 3501 5788 usuro

1926 5810 2027 5866 pet.
