3950 6382
443 373 545 428 759

449 497 564 543 tum
595 481 914 543 transmitte.
957 478 1069 533 lioc
1098 474 1238 529 enim
1261 469 1550 526 maximum
1567 472 1650 521 est
1678 461 1930 518 indicium
1959 472 2046 512 me

456 578 544 637 illa
572 575 785 648 propria
814 585 1055 633 censere,
1083 566 1125 622 si
1151 580 1271 621 cum
1300 563 1516 617 voluero
1538 601 1553 625 ,
1582 567 1694 612 tum
1720 555 1806 610 illa
1828 552 2048 607 mittan-

456 680 562 733 tttr,
587 682 694 723 non
722 679 843 720 cum
873 663 976 717 illis
1019 674 1124 715 non
1164 655 1395 727 indigeo.
1439 652 1493 707 ln
1523 653 1626 707 hoc
1666 660 1795 717 ergo
1835 660 2048 717 quoque

461 760 724 815 sinceram
750 766 892 810 tuam
936 752 1161 808 ostende
1198 749 1502 811 caritatem,
1529 753 1584 799 et
1615 756 1718 813 qua
1747 737 2047 795 reverentia

457 866 554 906 nos
579 850 851 911 observes,
896 844 1037 915 quod
1091 843 1146 900 in
1187 841 1286 896 hac
1329 854 1389 893 re
1440 852 1541 892 nos
1595 832 1943 894 toleraveris;
1995 840 2049 883 et

454 943 848 1015 quamprimum
872 941 1053 994 literas
1084 936 1254 1007 mitte,
1281 948 1401 1004 qua:
1450 940 1503 986 te
1543 928 1761 984 minime
1791 939 1932 995 aegre
1963 932 2048 976 tu-

453 1038 580 1092 lisse
606 1034 926 1106 significent.
968 1029 1081 1086 Nisi
1109 1028 1253 1082 enim
1276 1024 1378 1078 hoc
1403 1021 1596 1078 feceris
1614 1060 1629 1086 ,
1655 1018 1708 1073 in
1731 1022 2045 1088 perpetuam

452 1103 771 1181 anxietatem
787 1132 844 1178 et
862 1118 1275 1177 sollicitudinem
1304 1128 1404 1170 nos
1425 1110 1679 1181 conjicies
1709 1124 1723 1160 :
1757 1121 1862 1162 non
1900 1103 2044 1159 enim

452 1218 669 1275 solliciti
695 1232 814 1273 esse
837 1215 1144 1271 desinemus
1182 1225 1309 1264 num
1335 1207 1470 1261 forte
1494 1202 1709 1260 molesti
1746 1199 2004 1255 fuerimus
2028 1212 2042 1249 :

454 1310 719 1380 siquidem
748 1307 917 1362 multo
942 1304 1117 1360 studio
1139 1300 1375 1358 caritatis
1397 1308 1500 1354 tua:
1526 1307 1791 1357 tenemur,
1820 1301 1874 1347 et
1901 1301 2051 1345 tuam

456 1402 788 1459 nobilitatem
836 1396 1135 1455 recreandi.
1178 1394 1464 1462 Postquam
1507 1389 1666 1459 igitur
1699 1383 2047 1440 excusatione

452 1495 535 1551 usi
571 1508 778 1561 sumus,
807 1506 915 1564 quo
942 1498 1096 1561 pacto
1120 1489 1263 1543 illam
1287 1486 1560 1554 acceperis
1592 1480 1746 1536 nobis
1780 1477 2041 1548 significa.

456 1588 590 1644 Nam
630 1595 689 1642 ut
716 1585 1014 1655 intelligere
1060 1589 1235 1652 potest
1281 1579 1513 1633 suavitas
1555 1584 1664 1642 tua,
1712 1572 1865 1629 nobis
1904 1572 2045 1641 apud

456 1679 592 1735 alios
636 1678 729 1749 qui
778 1676 1006 1746 idipsum
1043 1673 1400 1743 praestiterant
1423 1711 1438 1734 ,
1468 1667 1729 1736 nobisque
1756 1664 2044 1721 admodum

455 1770 565 1825 cari
595 1776 766 1835 erant,
800 1767 941 1822 nulla
970 1765 1125 1820 nobis
1145 1762 1401 1819 utendum
1429 1760 1772 1816 excusatione
1793 1756 1924 1823 fuit,
1949 1755 2046 1811 sed

454 1860 587 1917 satis
626 1859 725 1914 fuit
758 1856 1042 1929 repudiare
1081 1854 1391 1909 transmissa
1422 1870 1436 1906 :
1462 1865 1646 1906 verum
1699 1849 1841 1919 apud
1899 1856 2045 1901 tuam

454 1953 856 2010 venerationem
880 1957 936 2007 et
961 1949 1315 2006 excusatione
1345 1945 1561 2008 utimur,
1593 1951 1731 1998 etne
1751 1955 1893 2011 :egre
1908 1940 2048 1994 feras

453 2047 818 2109 obsecramus,
850 2056 1024 2112 neque
1052 2042 1196 2111 prius
1224 2038 1339 2092 inec
1370 2034 1656 2091 identidem
1678 2033 1857 2088 dicere
1884 2031 2048 2085 inter-

454 2136 728 2192 mittemus
748 2175 762 2200 ,
790 2133 965 2189 donec
995 2141 1049 2187 te
1069 2130 1222 2186 nobis
1253 2128 1470 2182 minime
1486 2124 1858 2181 succensuisse
1877 2121 2043 2192 signi-

453 2227 722 2283 ficaveris.
761 2226 913 2295 Quod
967 2226 1013 2279 si
1065 2220 1367 2293 bujusmodi
1414 2218 1595 2272 literas
1632 2213 2042 2279 obtinuerimus,

454 2321 620 2390 duplo
648 2334 711 2374 ac
740 2318 899 2388 tt'iplo
938 2331 1001 2372 ac
1027 2312 1297 2369 multoties
1322 2310 1525 2380 majora
1549 2322 1705 2378 quam
1734 2320 1854 2376 quae
1883 2305 2045 2359 missa

458 2419 604 2478 sunt,
642 2425 742 2465 nos
790 2407 1061 2478 accepisse
1113 2402 1510 2459 arbitrabimur.
1553 2397 1610 2453 id
1643 2397 1786 2453 enim
1815 2397 2048 2452 maxime

463 2509 641 2573 potest
676 2506 991 2572 argumento
1016 2510 1165 2562 esse,
1192 2503 1389 2565 quanta
1430 2490 1732 2548 reverentia
1760 2497 1816 2545 et
1842 2487 2048 2544 honore

456 2607 556 2651 nos
581 2593 747 2650 colas.

633 2725 997 2785 CCXXXIII.
1028 2726 1109 2781 Ad
1133 2723 1448 2796 EpiscOpnm
1477 2692 1865 2776 Antiochenam.

490 2865 783 2936 Oportebat
794 2863 1008 2936 quidem
1026 2862 1277 2933 pietatem
1301 2869 1531 2915 vestram
1550 2872 1654 2914 non
1668 2857 1845 2913 verbis
1860 2870 2047 2913 eorum

450 2960 539 3030 qui
560 2958 765 3029 loquuti
790 2964 933 3022 sunt,
961 2962 1139 3011 mente
1162 2952 1418 3022 subverti,
1448 2951 1544 3008 sed
1570 2952 1624 3007 in
1652 2959 1795 3006 tanta
1822 2949 2049 3005 menda-

455 3053 661 3107 ciorum
687 3049 842 3119 copia
862 3049 1026 3103 multa
1047 3062 1169 3102 cum
1194 3045 1491 3100 attentione
1516 3044 1793 3099 veritatem
1829 3041 2049 3097 investi-

452 3156 599 3211 gare.
639 3139 695 3199 Si
718 3140 861 3195 enim
899 3138 1079 3193 omnia
1108 3151 1229 3207 qute
1258 3136 1416 3207 vulgo
1443 3135 1714 3205 jactentur
1750 3147 1878 3190 vera
1921 3146 2049 3187 cen-

452 3245 595 3297 scas,
610 3230 671 3293 in
701 3228 992 3299 periculum
1031 3228 1246 3282 venient
1273 3240 1462 3280 omnes
1484 3226 1501 3256 ยน
1533 3241 1547 3278 :
1579 3224 1661 3278 sin
1691 3232 1866 3278 autem
1898 3223 2046 3293 judi-

454 3323 542 3378 cio
561 3330 619 3377 et
645 3321 849 3392 legibus
875 3335 937 3374 ea
965 3333 1085 3390 qua:
1111 3319 1277 3373 latent
1305 3316 1755 3388 pervestigentnr,
1785 3313 2044 3383 judicium

453 3428 484 3467 a
505 3412 658 3468 vobis
684 3425 785 3482 ego
804 3409 976 3465 libens
1004 3413 1349 3479 postularem,
1389 3406 1489 3462 nisi
1510 3405 1629 3477 quis
1654 3406 1757 3460 alia
1780 3418 1968 3460 rursus
1992 3405 2049 3460 in

454 3517 543 3559 me
566 3502 845 3558 calumniae
873 3500 978 3555 tela
1002 3500 1289 3571 jaculetur.
1334 3497 1520 3553 Timeo
1573 3511 1824 3567 namque,
1875 3496 2048 3552 timeo

453 3594 563 3666 jam
591 3592 807 3649 umbras
828 3601 883 3647 et
903 3591 1211 3659 simulacra,
1228 3597 1511 3661 postquam
1532 3603 1628 3643 vos
1652 3589 1722 3643 ita
1742 3587 2044 3659 judicastis.

453 3687 624 3744 Amici
652 3685 900 3741 amicitia:
929 3683 1173 3740 nuntium
1199 3684 1541 3749 remiserunt,
1567 3680 1659 3752 qui
1675 3681 1826 3751 juxta
1856 3689 2043 3747 erant,

452 3797 482 3835 a
530 3781 688 3850 longe
714 3786 998 3842 steterunt,
1026 3784 1083 3832 et
1131 3775 1221 3846 qui
1263 3775 1420 3844 longe
1460 3782 1613 3828 erant
1658 3771 2048 3827 calumniarum

452 3872 625 3944 jacula
653 3877 1032 3926 contorserunt
1083 3868 1258 3939 (Psal.
1300 3868 1389 3923 37.
1442 3864 1554 3937 12).
1610 3865 1877 3922 Effecistis
1903 3865 2047 3921 utin

455 3963 633 4019 medio
656 3971 812 4034 portu
837 3960 1174 4032 naufragium
1195 3967 1428 4030 paterer.
1468 3956 1574 4014 Sed
1594 3957 1838 4027 quamvis
1861 3956 2048 4028 ejiciar

454 4070 523 4110 ex
544 4053 693 4120 urbe,
717 4063 876 4123 atque
899 4053 968 4108 ab
996 4050 1235 4106 Ecclesia
1260 4048 1512 4120 sejungar
1533 4089 1549 4114 ,
1575 4048 1641 4102 ad
1669 4049 1893 4118 quodvis
1920 4062 2048 4118 snp-

456 4147 669 4217 plicium
696 4144 975 4200 ferendum
996 4159 1083 4198 me
1110 4143 1268 4198 statui
1298 4156 1631 4211 comparare.
1674 4141 2047 4212 Pliil050phari

455 4238 585 4294 mihi
614 4252 678 4293 ac
717 4238 982 4307 patienter
1018 4234 1244 4290 adversa
1281 4233 1423 4288 ferre
1471 4232 1743 4288 decretum
1773 4240 1856 4289 est
1888 4249 1901 4284 :
1933 4232 2048 4288 scio

454 4329 621 4396 enim,
651 4327 765 4382 scio
793 4326 1114 4390 certissime,
1145 4324 1363 4381 civitate
1389 4322 1679 4378 firmiorem
1709 4338 1830 4379 esse
1857 4323 2047 4379 solitu-

453 4420 657 4488 dinem,
688 4427 743 4475 et
763 4418 961 4473 chtias
983 4417 1098 4487 agri
1123 4415 1515 4471 mansuetiores
1538 4413 1752 4469 amicis.
1786 4413 1932 4468 Vale.

454 4549 726 4608 CCXXXI
743 4549 803 4606 V.
843 4548 1049 4604 Brisom'
1075 4545 1170 4620 (a).
1213 4547 1526 4619 (Postquam
1564 4546 1829 4603 Cucusum
1857 4554 2047 4619 perve-

986 4652 1137 4697 uerat
1156 4655 1296 4695 anno
1315 4639 1469 4704 404.)

524 4778 865 4849 Septuaginta
892 4777 1064 4833 ferme
1097 4777 1428 4847 consumptis
1473 4776 1528 4832 in
1586 4777 1778 4835 itinere
1832 4777 2043 4845 diebus,

457 4872 597 4927 unde
627 4880 802 4942 potest
840 4870 1134 4941 amplitudo
1173 4879 1264 4926 tua
1289 4870 1538 4941 colligere
1562 4913 1577 4938 ,
1609 4881 1739 4943 quot
1765 4879 1822 4928 et
1844 4881 2046 4943 quanta

456 4963 592 5019 mala
622 4963 762 5033 passi
803 4963 1058 5020 fuerimus
1081 5005 1097 5031 ,
1129 4978 1250 5019 cum
1283 4971 1337 5018 et
1381 4962 1681 5018 Isaurorum
1727 4974 1903 5020 metus
1945 4980 2045 5021 nos

455 5053 692 5124 undique
714 5066 1020 5126 premeret,
1051 5065 1107 5111 et
1133 5071 1254 5111 cum
1287 5055 1635 5111 intolerandis
1661 5055 1896 5113 febribus
1925 5066 2044 5113 col-
2068 5114 2077 5123 ,

455 5149 801 5215 luctaremur,
829 5149 1094 5204 Cucusum
1128 5151 1289 5205 totius
1318 5149 1462 5205 orbis
1490 5160 1754 5205 terrarum
1784 5151 2045 5207 desertis-

456 5240 651 5296 simum
674 5239 849 5295 locum
879 5240 1089 5297 tandem
1120 5243 1405 5313 aliquando
1435 5243 1795 5313 pervenimus.
1839 5246 1905 5301 Et
1928 5245 2046 5303 haec

522 5444 538 5473 ฮน
573 5446 711 5513 Reg,
951 5453 1054 5501 pro,
1094 5452 1272 5513 omnes.
1303 5439 1451 5513 _ln_fra,
1478 5451 1899 5513 pervesngnverts,
1937 5456 2042 5513 pro,

454 5503 851 5566 pervestigentur.
875 5510 986 5551 Hate
1024 5516 1169 5566 porro
1193 5503 1406 5566 epistola,
1432 5503 1501 5551 ad
1532 5503 1839 5566 Porphyrium
1881 5503 2044 5553 Antio-

453 5564 969 5626 chenumepisoopnm
1005 5564 1118 5613 data
1156 5564 1249 5621 est,
1275 5567 1357 5626 qui
1381 5565 1612 5614 defuncto
1636 5564 1852 5615 Flaviano
1871 5567 2044 5616 sedem

455 5626 799 5691 Antiochenam
823 5628 1084 5688 invaserat,
1106 5633 1159 5676 et
1179 5627 1310 5675 inter
1331 5629 1595 5677 acerrimos
1612 5626 1927 5691 (.ltrysostomi
1952 5627 2043 5679 ho-

452 5695 559 5735 stes
573 5689 935 5738 numerabatur.

456 5803 493 5856 ฮน
803 5751 1023 5816 epistolae
1069 5759 1258 5816 partem
1302 5750 1457 5802 refert
1498 5749 1790 5812 Nicepltorus
1825 5750 2045 5847 Callistus

571 5840 648 5867 ,ฮฝฮฟ
673 5840 749 5861 ฮนฮนฮน.
1907 5840 1913 5847 ฮฟ

1178 360 1235 417 S.
1278 353 1555 415 JOANNIS
1599 341 2078 408 CllliYSOSTOMi
2121 338 2441 396 ARCHIEP.
2482 339 3028 401 CONSTANTINOP.

3641 346 3748 404 แผจฮ

2157 454 2278 512 dico
2304 471 2411 511 non
2441 471 2634 528 rogans
2663 464 2722 511 ut
2761 457 2970 511 molesti
3003 456 3096 512 ulli
3122 455 3277 524 sitis,
3315 471 3380 515 ac
3425 456 3646 531 petatis,
3702 468 3763 513 ut

2157 546 2282 604 hinc
2307 546 2693 603 transferamur
2725 566 2738 602 :
2762 549 2903 620 quod
2932 551 3075 604 enim
3106 557 3224 605 erat
3249 550 3621 621 gravissimum
3639 552 3752 621 jam

2157 638 2493 707 pertulimus,
2522 656 2718 711 nempe
2747 642 2846 696 vite
2867 642 3168 697 molestiam
3202 658 3216 696 :
3248 641 3344 697 sed
3374 642 3514 698 hanc
3539 658 3571 695 a
3599 644 3754 700 vobis

2154 740 2280 799 peto
2323 732 2588 801 gratiam,
2623 741 2680 787 ut
2728 731 2795 786 ad
2844 748 2942 786 nos
2990 733 3206 787 assidue
3254 733 3523 798 scribatis,
3578 749 3756 803 neque

2156 833 2437 892 propterea
2464 822 2604 892 quod
2621 822 2830 894 longius
2858 839 2888 877 a
2917 825 3065 878 vobis
3085 825 3301 896 relegati
3323 841 3529 891 sumus,
3550 826 3756 881 idcirco

2154 905 2251 972 nos
2279 915 2379 970 ista
2399 915 2769 971 consolatione
2797 917 3034 986 privetis.
3068 915 3228 972 Scitis
3255 918 3397 972 enim
3428 929 3630 988 quanto
3652 934 3757 974 nos

2154 1007 2294 1062 istud
2316 1008 2506 1063 solatio
2554 1008 2711 1075 levet,
2744 1009 3085 1078 quantumvis
3128 1007 3312 1064 amicti
3337 1009 3508 1064 simus
3527 1020 3581 1065 et
3601 1025 3757 1064 teru-

2153 1101 2294 1155 mnis
2314 1100 2544 1167 obsessi,
2566 1115 2689 1155 cum
2719 1099 2788 1156 de
2806 1100 3109 1155 valetudine
3133 1108 3308 1155 vestra
3332 1100 3629 1156 amicorum
3646 1118 3758 1155 n0-

2152 1202 2384 1247 strornm
2414 1192 2676 1247 certiores
2706 1192 2821 1247 fieri
2865 1206 3149 1261 possmnus
3175 1234 3191 1259 ,
3233 1207 3296 1248 ac
3332 1209 3428 1248 vos
3459 1193 3660 1248 hilares
3698 1202 3755 1249 et

2153 1285 2451 1341 incolumes
2480 1300 2622 1352 esse,
2654 1300 2718 1341 ac
2738 1286 2893 1356 plane
2923 1299 3160 1340 securos.
3188 1285 3256 1341 Ut
3289 1286 3447 1356 igitur
3475 1288 3594 1342 hinc
3636 1304 3755 1341 non

2151 1377 2476 1434 mediocrem
2495 1380 2760 1449 possimus
2777 1394 2999 1449 carpere
3020 1378 3361 1449 voluptatem,
3381 1379 3449 1434 de
3465 1380 3544 1434 bis
3560 1380 3628 1434 ad
3652 1396 3757 1435 nos

2149 1464 2363 1526 assidue
2383 1471 2577 1526 scribe.
2604 1470 2719 1526 Non
2741 1471 2885 1526 enim
2914 1470 3100 1525 leviter
3126 1486 3224 1525 nos
3252 1472 3536 1535 recreabis,
3564 1472 3670 1526 sed
3700 1483 3761 1527 et

2152 1561 2354 1634 ingenti
2374 1562 2568 1618 solatio
2596 1562 2811 1618 taedium
2840 1571 3081 1617 nostrum
3104 1563 3292 1630 lenies,
3324 1578 3444 1618 cum
3471 1579 3574 1619 non
3597 1564 3763 1633 igno-

2150 1671 2255 1723 res,
2286 1665 2540 1725 quantum
2568 1656 2671 1711 tuis
2700 1656 2996 1710 commodis
3016 1656 3246 1727 gaudere
3267 1658 3547 1712 soleamus.

2149 1768 2465 1826 CCXXXV.
2508 1768 2802 1842 Porpltyrio
2840 1771 3073 1840 episc0po
3116 1770 3365 1825 Rhosensi
3393 1768 3761 1843 (a).(Cucuso

2787 1876 2930 1915 anno
2948 1858 3101 1930 404.)

2218 1975 2391 2043 Quam
2414 1975 2584 2041 firma,
2618 1990 2776 2046 quam
2801 1975 3085 2040 constanti,
3112 1990 3269 2045 quam
3292 1975 3500 2029 immota
3515 1975 3763 2033 caritate

2151 2065 2246 2128 sis.
2277 2080 2386 2121 non
2410 2081 2498 2124 me
2527 2065 2676 2137 fugit,
2704 2080 2804 2121 nec
2830 2066 2990 2121 ullam
3020 2066 3352 2136 negotion
3376 2065 3760 2124 di๏ฌicnltatem

2151 2158 2297 2214 illam
2319 2174 2475 2229 posse
2503 2159 2862 2216 labefactare:
2887 2160 2940 2215 id
2973 2175 3103 2215 vero
3128 2170 3183 2215 tu
3224 2161 3384 2216 rebus
3408 2162 3530 2232 ipsis
3556 2173 3763 2221 osten-

2151 2250 2296 2305 disti.
2336 2250 2507 2319 Quam
2532 2250 2602 2305 ob
2625 2266 2840 2306 causam
2870 2266 2970 2306 nos
2996 2267 3228 2322 quoque,
3258 2252 3384 2307 licet
3404 2254 3584 2308 morbo
3608 2270 3759 2310 cor-

2151 2344 2309 2412 repti,
2342 2351 2503 2412 atque
2531 2344 2582 2398 in
2609 2344 2783 2399 locum
2807 2345 2969 2400 totius
2997 2344 3159 2414 hujus
3185 2346 3353 2400 nostri
3377 2346 3515 2401 orbis
3552 2347 3760 2403 deser-

2154 2434 2416 2489 tissimum
2446 2433 2608 2489 delati
2637 2434 2925 2501 Cucusum,
2951 2445 3006 2490 et
3026 2436 3327 2491 lsaurorum
3354 2437 3762 2496 incursionibus

2150 2526 2527 2592 circumsessi,
2549 2542 2613 2582 ac
2637 2528 2820 2583 multis
2840 2529 3093 2583 aerumnis
3128 2528 3336 2593 vexati,
3358 2538 3412 2584 et
3435 2530 3760 2600 scribimus,

2151 2629 2209 2676 et
2232 2620 2469 2676 debitam
2499 2620 2872 2676 salutationem
2899 2630 3001 2675 tuae
3022 2621 3204 2691 pietati
3231 2622 3598 2692 persolvimus,
3618 2639 3763 2679 corโ

2152 2730 2282 2786 pore
2301 2715 2516 2786 quidem
2536 2713 2785 2785 sejuncti,
2804 2713 2899 2769 sed
2923 2714 3103 2769 animo
3118 2714 3369 2783 copulati,
3393 2729 3764 2787 magnamque

2153 2810 2277 2865 inde
2300 2808 2719 2864 consolationem
2747 2807 3093 2879 percipimus.
3131 2806 3281 2863 Licet
3305 2808 3445 2863 enim
3472 2824 3578 2863 non
3606 2809 3755 2863 levi-

2152 2902 2255 2959 bus
2286 2902 2404 2960 htec
2424 2904 2772 2959 commutatio
2796 2900 3198 2957 difficultatibus
3221 2902 3291 2956 sit
3317 2902 3554 2965 obsessa,
3572 2906 3757 2958 maxi-

2153 3010 2298 3050 mum
2321 3003 2499 3049 tamen
2534 2994 2661 3050 inde
2687 2994 2932 3049 solatium
2961 2994 3254 3061 haurimus,
3284 2994 3424 3063 quod
3454 3008 3556 3048 non
3584 2994 3759 3066 longe

2153 3102 2183 3141 a
2200 3086 2352 3141 vobis
2371 3086 2647 3155 absumus,
2670 3100 2735 3141 ac
2757 3087 3063 3157 frequenter
3093 3100 3393 3155 possumus,
3421 3085 3630 3141 modico
3660 3088 3758 3142 in-

2152 3178 2377 3249 terjecto
2413 3177 2624 3233 itineris
2674 3176 2834 3247 hujus
2882 3176 3181 3245 intervallo,
3230 3184 3286 3231 et
3328 3176 3395 3231 ad
3421 3191 3517 3232 vos
3561 3176 3762 3234 literas

2151 3270 2282 3326 dare
2307 3279 2362 3326 et
2384 3284 2415 3325 a
2448 3269 2602 3325 vobis
2629 3269 2893 3339 accipere.
2934 3268 3067 3324 Nam
3112 3268 3156 3323 si
3185 3268 3286 3323 hac
3314 3268 3596 3323 festivitate
3621 3284 3757 3338 per-

2151 3365 2393 3420 fruamur
2425 3363 2785 3436 (festivitatem
2833 3363 2978 3419 enim
3008 3362 3129 3417 hoc
3156 3377 3256 3433 ego
3295 3376 3521 3429 censeo,
3553 3378 3619 3418 ac
3658 3379 3754 3417 so-

2152 3455 2482 3511 lenmitatem
2505 3497 2520 3521 ,
2553 3465 2607 3512 et
2649 3456 2882 3525 ingentis
2921 3454 3210 3524 voluptatis
3262 3453 3645 3525 occasionem),
3680 3470 3755 3510 ne

2151 3550 2433 3604 minimum
2458 3548 2672 3619 quidem
2696 3562 2914 3604 sensum
2940 3546 3099 3617 hujus
3122 3546 3439 3611 solitudinis,
3472 3555 3670 3612 metus,
3693 3556 3754 3601 et

2150 3642 2435 3699 anxietatis
2453 3641 2747 3711 capiemus.

2225 3756 2465 3814 CCXXX
2480 3755 2576 3811 VI.
2602 3754 2830 3811 Carterio
2855 3753 3080 3826 prwsidi.
3104 3750 3333 3825 (Cucuso
3354 3765 3495 3805 anno
3517 3750 3667 3821 401.)

2226 3870 2637 3929 Desertissimus
2674 3866 2890 3940 quidem
2933 3865 3127 3920 mirum
3156 3865 3207 3919 in
3239 3863 3455 3918 modum
3482 3863 3635 3917 locus
3660 3872 3751 3918 est

2151 3966 2395 4023 Cucusus
2437 3983 2452 4019 :
2495 3972 2865 4022 verumtamen
2911 3958 3052 4014 haud
3096 3959 3169 4013 ita
3198 3972 3297 4013 nos
3330 3956 3617 4012 solitudine
3647 3970 3747 4010 sua

2151 4059 2463 4122 contristat,
2513 4071 2577 4113 ac
2619 4054 2803 4126 quiete
2845 4051 3147 4119 exhilarat,
3189 4048 3438 4121 quodque
3480 4047 3626 4102 nulla
3670 4062 3745 4101 ex

2154 4160 2305 4221 parte
2354 4149 2508 4204 nobis
2547 4146 2821 4217 negotium
2876 4142 3108 4198 facessit.
3162 4141 3421 4211 Quocirca
3472 4151 3746 4210 tamquam

2152 4242 2221 4297 ad
2267 4249 2478 4313 portum
2522 4236 2805 4310 quemdam
2838 4235 2903 4290 ad
2929 4232 3270 4290 solitudinem
3300 4232 3438 4287 hanc
3462 4231 3625 4287 delati
3654 4247 3747 4288 se-

2153 4332 2364 4399 demus,
2399 4340 2455 4387 et
2473 4346 2503 4385 a
2532 4329 2689 4386 malis
2708 4344 2827 4399 quae
2853 4328 2904 4381 in
2935 4326 3020 4381 via
3050 4325 3364 4397 pertulimus
3391 4323 3745 4394 respiramus,

2094 4418 2100 4423 โ
2152 4436 2208 4483 et
2237 4426 2407 4482 morbi
2436 4434 2595 4497 atque
2622 4424 2890 4479 malorum
2929 4437 3050 4492 quae
3098 4420 3447 4476 sustinuimus
3491 4419 3747 4505 reliquias

2153 4520 2255 4576 hac
2278 4520 2455 4591 quiete
2483 4517 2820 4589 depellimus.
2864 4516 2975 4570 lloc
2999 4513 3137 4584 apud
3167 4513 3569 4583 amplitudinem
3600 4523 3745 4569 tuam

2153 4627 2404 4669 sermone
2424 4611 2626 4668 idcirco
2651 4618 2793 4674 utor,
2822 4608 2963 4679 quod
2991 4606 3279 4677 intelligam
3310 4605 3534 4660 mirifice
3562 4613 3617 4660 te
3645 4620 3742 4659 no-

2152 4717 2264 4765 stra
2289 4705 2681 4778 quictelaztari,
2725 4700 3151 4774 quandoquidem
3203 4698 3345 4753 nulla
3400 4713 3499 4752 nos
3554 4712 3744 4767 capere

2154 4807 2336 4873 potest
2383 4813 2570 4854 eorum
2618 4795 2850 4860 oblivio,
2904 4808 3022 4864 quae
3075 4791 3195 4846 istic
3237 4806 3267 4845 a
3320 4797 3371 4844 te
3411 4801 3535 4843 sunt
3561 4800 3739 4859 gesta,

2152 4892 2280 4948 dum
2326 4898 2684 4960 prmposteros
2712 4886 2831 4940 illos
2857 4893 2911 4939 et
2938 4884 3267 4953 importunos
3303 4880 3563 4935 tumultus
3594 4880 3743 4935 seda-

2151 5001 2262 5053 res,
2316 4993 2373 5038 et
2410 4996 2625 5036 omnem
2673 4978 2901 5049 lapidem
2947 4991 3210 5041 moveres,
3267 4983 3323 5028 ut
3362 4973 3414 5027 in
3461 4974 3737 5029 securitate

2152 5089 2515 5139 versaremur,
2548 5081 2602 5127 et
2629 5088 2749 5142 qua:
2777 5081 2983 5125 tuarum
3025 5078 3179 5123 erant
3207 5067 3435 5137 partium
3459 5107 3473 5129 .
3526 5068 3739 5120 omnino

2156 5176 2460 5240 praestares.
2505 5164 2631 5219 Hmc
2670 5177 2769 5218 nos
2816 5161 2956 5231 apud
2998 5174 3205 5223 omnes,
3237 5174 3576 5229 quocumque
3614 5175 3739 5228 gen-

2153 5263 2287 5315 tium
2329 5257 2656 5319 deferamur,
2702 5253 3075 5325 prmdicamus,
3122 5251 3323 5320 tibique
3360 5250 3586 5320 gratiam
3642 5263 3740 5303 non

2155 5352 2482 5407 mediocrem
2510 5350 2807 5414 .ltabemus,
2857 5347 3073 5401 domine
3116 5345 3185 5400 mi
3239 5344 3523 5412 plurimum
3572 5343 3735 5411 suspi-

2152 5448 2364 5513 ciende,
2393 5446 2464 5502 ob
2488 5453 2684 5499 tantam
2710 5442 2848 5497 hanc
2874 5440 3282 5495 sollicitudinem
3316 5456 3328 5492 :
3357 5452 3540 5493 verum
3564 5445 3621 5489 nt
3641 5450 3739 5490 non

2215 5625 2289 5688 (ฮฑ)
2310 5634 2360 5674 tu
2385 5621 2502 5672 edit.
2513 5618 2681 5688 savil.,
2706 5615 2975 5688 Porphyrfo
2987 5614 3222 5688 episcopo,
3238 5610 3545 5688 simpliciter,
3552 5610 3740 5688 noted:

2151 5668 2681 5745 ditojlitItoโsensii๏ฌqute
2718 5668 2891 5745 tanieti'
2926 5668 3074 5745 lectio
3098 5668 3156 5725 in'
3169 5668 3393 5724 omnibus
3414 5683 3609 5745 prorsus
3627 5668 3744 5745 ipsi.
3844 5692 3847 5693 ฮฝ

2152 5731 2658 5861 แผแฝณฮนฮทแฝถแฝถฮฟแผฒฮธฮฟ
2682 5744 2795 5796 vide
2827 5756 2938 5806 qute
2960 5740 3172 5791 diximus
3209 5748 3356 5802 supra
3386 5731 3446 5786 ฮฑแผฑ]
3491 5731 3739 5797 epistolam
