  <div class='ocr_page' id='page_1' title='image "/cluster/home/n/w/nwhite01/storage/ocr_20150623/52:no.3:pt.2/coo.31924054869510/358.png"; bbox 0 0 3950 6386; ppageno 0'>
   <div class='ocr_carea' id='block_1_1' title="bbox 218 354 337 411">
    <p class='ocr_par' dir='ltr' id='par_1_1' title="bbox 218 354 337 411">
     <span class='ocr_line' id='line_1_1' title="bbox 218 354 337 411; baseline 0.008 -1"><span class='ocrx_word' id='word_1_1' title='bbox 218 354 337 411; x_wconf 80' lang='lat'><em>759</em></span> 
     </span>
    </p>
   </div>
   <div class='ocr_carea' id='block_1_2' title="bbox 227 467 1807 543">
    <p class='ocr_par' dir='ltr' id='par_1_2' title="bbox 227 467 1807 543">
     <span class='ocr_line' id='line_1_2' title="bbox 227 467 1807 543; baseline -0.003 -18"><span class='ocrx_word' id='word_1_2' title='bbox 227 472 471 542; x_wconf 79' lang='grc' dir='ltr'><strong>σημεῖον</strong></span> <span class='ocrx_word' id='word_1_3' title='bbox 495 470 586 534; x_wconf 75' lang='grc' dir='ltr'><strong>τδ,</strong></span> <span class='ocrx_word' id='word_1_4' title='bbox 605 470 768 543; x_wconf 82' lang='grc' dir='ltr'><strong>ήνίκα</strong></span> <span class='ocrx_word' id='word_1_5' title='bbox 793 469 859 525; x_wconf 82' lang='grc' dir='ltr'><strong>ἂν</strong></span> <span class='ocrx_word' id='word_1_6' title='bbox 883 470 994 540; x_wconf 85' lang='grc' dir='ltr'><strong>ἐγὼ</strong></span> <span class='ocrx_word' id='word_1_7' title='bbox 1025 469 1292 542; x_wconf 88' lang='grc' dir='ltr'><strong>βουληθῶ,</strong></span> <span class='ocrx_word' id='word_1_8' title='bbox 1320 470 1440 523; x_wconf 90' lang='grc' dir='ltr'><strong>τότε</strong></span> <span class='ocrx_word' id='word_1_9' title='bbox 1472 467 1807 542; x_wconf 89' lang='grc' dir='ltr'><strong>πέμπεσθαι,</strong></span> 
     </span>
    </p>
   </div>
   <div class='ocr_carea' id='block_1_3' title="bbox 220 559 1814 636">
    <p class='ocr_par' dir='ltr' id='par_1_3' title="bbox 220 559 1814 636">
     <span class='ocr_line' id='line_1_3' title="bbox 220 559 1814 636; baseline -0.004 -17"><span class='ocrx_word' id='word_1_10' title='bbox 220 565 377 619; x_wconf 79' lang='grc' dir='ltr'><strong>ἀλλὰ</strong></span> <span class='ocrx_word' id='word_1_11' title='bbox 407 565 482 636; x_wconf 82' lang='grc' dir='ltr'><strong>μὴ</strong></span> <span class='ocrx_word' id='word_1_12' title='bbox 501 563 643 629; x_wconf 88' lang='grc' dir='ltr'><strong>τότε,</strong></span> <span class='ocrx_word' id='word_1_13' title='bbox 673 564 761 617; x_wconf 83' lang='grc' dir='ltr'><strong>ὅτε</strong></span> <span class='ocrx_word' id='word_1_14' title='bbox 783 562 844 616; x_wconf 92' lang='grc' dir='ltr'><strong>οὐ</strong></span> <span class='ocrx_word' id='word_1_15' title='bbox 867 563 1078 633; x_wconf 87' lang='grc' dir='ltr'><strong>δέομαι.</strong></span> <span class='ocrx_word' id='word_1_16' title='bbox 1109 561 1290 628; x_wconf 79' lang='grc' dir='ltr'><strong>Δεῖξον</strong></span> <span class='ocrx_word' id='word_1_17' title='bbox 1310 561 1489 614; x_wconf 78' lang='grc' dir='ltr'>τοίνυν</span> <span class='ocrx_word' id='word_1_18' title='bbox 1517 561 1619 614; x_wconf 82' lang='grc' dir='ltr'><strong>κάν</strong></span> <span class='ocrx_word' id='word_1_19' title='bbox 1641 559 1814 630; x_wconf 84' lang='grc' dir='ltr'><strong>τούτῳ</strong></span> 
     </span>
    </p>
   </div>
   <div class='ocr_carea' id='block_1_4' title="bbox 224 650 1812 729">
    <p class='ocr_par' dir='ltr' id='par_1_4' title="bbox 224 650 1812 729">
     <span class='ocr_line' id='line_1_4' title="bbox 224 650 1812 729; baseline -0.006 -17"><span class='ocrx_word' id='word_1_20' title='bbox 224 657 337 729; x_wconf 82' lang='grc' dir='ltr'><strong>τὴν</strong></span> <span class='ocrx_word' id='word_1_21' title='bbox 365 655 594 728; x_wconf 77' lang='grc' dir='ltr'><strong>γνησίαν</strong></span> <span class='ocrx_word' id='word_1_22' title='bbox 621 671 713 707; x_wconf 91' lang='grc' dir='ltr'><strong>σου</strong></span> <span class='ocrx_word' id='word_1_23' title='bbox 740 653 943 723; x_wconf 81' lang='grc' dir='ltr'>φιλίαν,</span> <span class='ocrx_word' id='word_1_24' title='bbox 965 652 1060 706; x_wconf 76' lang='grc' dir='ltr'><strong>καὶ</strong></span> <span class='ocrx_word' id='word_1_25' title='bbox 1080 651 1178 723; x_wconf 84' lang='grc' dir='ltr'><strong>τὴν</strong></span> <span class='ocrx_word' id='word_1_26' title='bbox 1198 650 1332 705; x_wconf 87' lang='grc' dir='ltr'><strong>αίδῶ</strong></span> <span class='ocrx_word' id='word_1_27' title='bbox 1350 651 1449 722; x_wconf 83' lang='grc' dir='ltr'><strong>τὴν</strong></span> <span class='ocrx_word' id='word_1_28' title='bbox 1481 650 1611 722; x_wconf 73' lang='grc' dir='ltr'><strong>περὶ</strong></span> <span class='ocrx_word' id='word_1_29' title='bbox 1643 651 1812 720; x_wconf 75' lang='grc' dir='ltr'><strong>ἡμᾶς,</strong></span> 
     </span>
    </p>
   </div>
   <div class='ocr_carea' id='block_1_5' title="bbox 224 741 1816 819">
    <p class='ocr_par' dir='ltr' id='par_1_5' title="bbox 224 741 1816 819">
     <span class='ocr_line' id='line_1_5' title="bbox 224 741 1816 819; baseline -0.004 -18"><span class='ocrx_word' id='word_1_30' title='bbox 224 749 316 819; x_wconf 85' lang='grc' dir='ltr'><strong>τῷ</strong></span> <span class='ocrx_word' id='word_1_31' title='bbox 350 748 446 801; x_wconf 70' lang='grc' dir='ltr'><strong>καὶ</strong></span> <span class='ocrx_word' id='word_1_32' title='bbox 487 750 546 801; x_wconf 88' lang='grc' dir='ltr'><strong>ἐν</strong></span> <span class='ocrx_word' id='word_1_33' title='bbox 577 745 752 816; x_wconf 86' lang='grc' dir='ltr'><strong>τούτῳ</strong></span> <span class='ocrx_word' id='word_1_34' title='bbox 778 744 934 815; x_wconf 88' lang='grc' dir='ltr'><strong>ήμῶν</strong></span> <span class='ocrx_word' id='word_1_35' title='bbox 964 742 1318 814; x_wconf 82' lang='grc' dir='ltr'><strong>ἀνασχέσθαι·</strong></span> <span class='ocrx_word' id='word_1_36' title='bbox 1356 744 1449 796; x_wconf 75' lang='grc' dir='ltr'><strong>καὶ</strong></span> <span class='ocrx_word' id='word_1_37' title='bbox 1481 741 1691 812; x_wconf 77' lang='grc' dir='ltr'><strong>πέμψον</strong></span> <span class='ocrx_word' id='word_1_38' title='bbox 1715 757 1816 794; x_wconf 67' lang='grc' dir='ltr'><strong>τα-</strong></span> 
     </span>
    </p>
   </div>
   <div class='ocr_carea' id='block_1_6' title="bbox 223 832 1812 911">
    <p class='ocr_par' dir='ltr' id='par_1_6' title="bbox 223 832 1812 911">
     <span class='ocr_line' id='line_1_6' title="bbox 223 832 1812 911; baseline -0.004 -18"><span class='ocrx_word' id='word_1_39' title='bbox 223 839 381 911; x_wconf 72' lang='grc' dir='ltr'><strong>χέως</strong></span> <span class='ocrx_word' id='word_1_40' title='bbox 395 835 683 907; x_wconf 84' lang='grc' dir='ltr'><strong>ἐπιστολὴν</strong></span> <span class='ocrx_word' id='word_1_41' title='bbox 710 833 1159 903; x_wconf 87' lang='grc' dir='ltr'><strong>ἀπαγγέλλουσαν</strong></span> <span class='ocrx_word' id='word_1_42' title='bbox 1176 836 1308 904; x_wconf 85' lang='grc' dir='ltr'><strong>ἡμῖν</strong></span> <span class='ocrx_word' id='word_1_43' title='bbox 1332 832 1406 897; x_wconf 84' lang='grc' dir='ltr'><strong>ὼς</strong></span> <span class='ocrx_word' id='word_1_44' title='bbox 1430 833 1526 885; x_wconf 89' lang='grc' dir='ltr'><strong>οὐκ</strong></span> <span class='ocrx_word' id='word_1_45' title='bbox 1550 832 1812 904; x_wconf 76' lang='grc' dir='ltr'><strong>ήλγησας.</strong></span> 
     </span>
    </p>
   </div>
   <div class='ocr_carea' id='block_1_7' title="bbox 232 924 1809 1002">
    <p class='ocr_par' dir='ltr' id='par_1_7' title="bbox 232 924 1809 1002">
     <span class='ocr_line' id='line_1_7' title="bbox 232 924 1809 1002; baseline -0.005 -17"><span class='ocrx_word' id='word_1_46' title='bbox 232 934 345 985; x_wconf 73' lang='lat' dir='ltr'><strong>‘Av</strong></span> <span class='ocrx_word' id='word_1_47' title='bbox 368 930 476 1002; x_wconf 85' lang='grc' dir='ltr'><strong>γὰρ</strong></span> <span class='ocrx_word' id='word_1_48' title='bbox 502 928 576 1000; x_wconf 84' lang='grc' dir='ltr'><strong>μὴ</strong></span> <span class='ocrx_word' id='word_1_49' title='bbox 601 926 757 981; x_wconf 79' lang='grc' dir='ltr'><strong>τοῦτο</strong></span> <span class='ocrx_word' id='word_1_50' title='bbox 784 926 1037 997; x_wconf 84' lang='grc' dir='ltr'><strong>ποιήσῃς,</strong></span> <span class='ocrx_word' id='word_1_51' title='bbox 1070 928 1127 979; x_wconf 92' lang='grc' dir='ltr'><strong>ἐν</strong></span> <span class='ocrx_word' id='word_1_52' title='bbox 1151 924 1389 997; x_wconf 82' lang='grc' dir='ltr'><strong>διηνεκεῖ</strong></span> <span class='ocrx_word' id='word_1_53' title='bbox 1417 924 1652 994; x_wconf 78' lang='grc' dir='ltr'><strong>φροντίδι</strong></span> <span class='ocrx_word' id='word_1_54' title='bbox 1684 924 1809 978; x_wconf 70' lang='grc' dir='ltr'><strong>καθ-</strong></span> 
     </span>
    </p>
   </div>
   <div class='ocr_carea' id='block_1_8' title="bbox 229 1015 1814 1092">
    <p class='ocr_par' dir='ltr' id='par_1_8' title="bbox 229 1015 1814 1092">
     <span class='ocr_line' id='line_1_8' title="bbox 229 1015 1814 1092; baseline -0.005 -17"><span class='ocrx_word' id='word_1_55' title='bbox 229 1022 397 1092; x_wconf 85' lang='grc' dir='ltr'><strong>ιστᾷν</strong></span> <span class='ocrx_word' id='word_1_56' title='bbox 431 1021 578 1091; x_wconf 79' lang='grc' dir='ltr'><strong>ἡμᾶς</strong></span> <span class='ocrx_word' id='word_1_57' title='bbox 619 1017 865 1089; x_wconf 77' lang='grc' dir='ltr'><strong>μέλλεις·</strong></span> <span class='ocrx_word' id='word_1_58' title='bbox 903 1017 963 1068; x_wconf 91' lang='grc' dir='ltr'><strong>οὐ</strong></span> <span class='ocrx_word' id='word_1_59' title='bbox 1012 1016 1120 1089; x_wconf 87' lang='grc' dir='ltr'><strong>γὰρ</strong></span> <span class='ocrx_word' id='word_1_60' title='bbox 1153 1015 1471 1086; x_wconf 85' lang='grc' dir='ltr'><strong>παυσόμεθα</strong></span> <span class='ocrx_word' id='word_1_61' title='bbox 1508 1015 1814 1086; x_wconf 87' lang='grc' dir='ltr'><strong>μεριμνῶν-</strong></span> 
     </span>
    </p>
   </div>
   <div class='ocr_carea' id='block_1_9' title="bbox 223 1109 1817 1187">
    <p class='ocr_par' dir='ltr' id='par_1_9' title="bbox 223 1109 1817 1187">
     <span class='ocr_line' id='line_1_9' title="bbox 223 1109 1817 1187; baseline -0.003 -20"><span class='ocrx_word' id='word_1_62' title='bbox 223 1130 353 1177; x_wconf 88' lang='grc' dir='ltr'><strong>τες,</strong></span> <span class='ocrx_word' id='word_1_63' title='bbox 383 1114 457 1183; x_wconf 89' lang='grc' dir='ltr'><strong>μή</strong></span> <span class='ocrx_word' id='word_1_64' title='bbox 491 1128 620 1165; x_wconf 90' lang='grc' dir='ltr'><strong>ποτε</strong></span> <span class='ocrx_word' id='word_1_65' title='bbox 641 1110 992 1182; x_wconf 86' lang='grc' dir='ltr'><strong>ἐλυπήσαμεν</strong></span> <span class='ocrx_word' id='word_1_66' title='bbox 1009 1126 1023 1139; x_wconf 91' lang='grc'><strong>·</strong></span> <span class='ocrx_word' id='word_1_67' title='bbox 1054 1109 1186 1163; x_wconf 80' lang='grc' dir='ltr'><strong>πολὺ</strong></span> <span class='ocrx_word' id='word_1_68' title='bbox 1213 1109 1321 1181; x_wconf 89' lang='grc' dir='ltr'><strong>γάρ</strong></span> <span class='ocrx_word' id='word_1_69' title='bbox 1352 1126 1444 1162; x_wconf 87' lang='grc' dir='ltr'><strong>σου</strong></span> <span class='ocrx_word' id='word_1_70' title='bbox 1472 1110 1571 1180; x_wconf 81' lang='grc' dir='ltr'><strong>τῆς</strong></span> <span class='ocrx_word' id='word_1_71' title='bbox 1594 1109 1817 1187; x_wconf 78' lang='grc' dir='ltr'><strong>ἀγάπης</strong></span> 
     </span>
    </p>
   </div>
   <div class='ocr_carea' id='block_1_10' title="bbox 226 1199 1812 1275">
    <p class='ocr_par' dir='ltr' id='par_1_10' title="bbox 226 1199 1812 1275">
     <span class='ocr_line' id='line_1_10' title="bbox 226 1199 1812 1275; baseline -0.005 -15"><span class='ocrx_word' id='word_1_72' title='bbox 226 1205 598 1275; x_wconf 80' lang='grc' dir='ltr'><strong>ἀντεχόμεθα,</strong></span> <span class='ocrx_word' id='word_1_73' title='bbox 645 1203 739 1255; x_wconf 66' lang='grc' dir='ltr'><strong>καλ⁸</strong></span> <span class='ocrx_word' id='word_1_74' title='bbox 769 1200 862 1254; x_wconf 83' lang='grc' dir='ltr'><strong>τοῦ</strong></span> <span class='ocrx_word' id='word_1_75' title='bbox 894 1200 1191 1254; x_wconf 78' lang='grc' dir='ltr'><strong>ἀναπαύειν</strong></span> <span class='ocrx_word' id='word_1_76' title='bbox 1235 1217 1329 1253; x_wconf 83' lang='grc' dir='ltr'><strong>σου</strong></span> <span class='ocrx_word' id='word_1_77' title='bbox 1370 1199 1466 1271; x_wconf 82' lang='grc' dir='ltr'><strong>τὴν</strong></span> <span class='ocrx_word' id='word_1_78' title='bbox 1512 1199 1812 1268; x_wconf 90' lang='grc' dir='ltr'><strong>εὐγένειαν.</strong></span> 
     </span>
    </p>
   </div>
   <div class='ocr_carea' id='block_1_11' title="bbox 243 1290 1816 1364">
    <p class='ocr_par' dir='ltr' id='par_1_11' title="bbox 243 1290 1816 1364">
     <span class='ocr_line' id='line_1_11' title="bbox 243 1290 1816 1364; baseline -0.005 -14"><span class='ocrx_word' id='word_1_79' title='bbox 243 1297 409 1350; x_wconf 71' lang='grc' dir='ltr'><strong>Ἐπεὶ</strong></span> <span class='ocrx_word' id='word_1_80' title='bbox 433 1291 527 1350; x_wconf 78' lang='grc' dir='ltr'><strong>οὖν</strong></span> <span class='ocrx_word' id='word_1_81' title='bbox 560 1290 761 1355; x_wconf 80' lang='grc' dir='ltr'><strong>ἱκανῶς</strong></span> <span class='ocrx_word' id='word_1_82' title='bbox 789 1291 1271 1364; x_wconf 85' lang='grc' dir='ltr'><strong>ἀπελογησάμεθα,</strong></span> <span class='ocrx_word' id='word_1_83' title='bbox 1318 1291 1553 1362; x_wconf 80' lang='grc' dir='ltr'><strong>δήλωσον</strong></span> <span class='ocrx_word' id='word_1_84' title='bbox 1581 1292 1710 1361; x_wconf 82' lang='grc' dir='ltr'><strong>ἡμῖν</strong></span> <span class='ocrx_word' id='word_1_85' title='bbox 1740 1290 1816 1355; x_wconf 84' lang='grc' dir='ltr'><strong>ὡς</strong></span> 
     </span>
    </p>
   </div>
   <div class='ocr_carea' id='block_1_12' title="bbox 231 1382 1817 1458">
    <p class='ocr_par' dir='ltr' id='par_1_12' title="bbox 231 1382 1817 1458">
     <span class='ocr_line' id='line_1_12' title="bbox 231 1382 1817 1458; baseline -0.006 -16"><span class='ocrx_word' id='word_1_86' title='bbox 231 1388 407 1455; x_wconf 79' lang='grc' dir='ltr'><strong>ἐδέξω</strong></span> <span class='ocrx_word' id='word_1_87' title='bbox 433 1386 533 1458; x_wconf 83' lang='grc' dir='ltr'><strong>τὴν</strong></span> <span class='ocrx_word' id='word_1_88' title='bbox 560 1384 854 1454; x_wconf 90' lang='grc' dir='ltr'><strong>ἀπολογίαν</strong></span> <span class='ocrx_word' id='word_1_89' title='bbox 881 1383 1059 1455; x_wconf 81' lang='grc' dir='ltr'><strong>ἡμῶν.</strong></span> <span class='ocrx_word' id='word_1_90' title='bbox 1101 1384 1211 1439; x_wconf 72' lang='grc' dir='ltr'><strong>Καὶ</strong></span> <span class='ocrx_word' id='word_1_91' title='bbox 1242 1385 1350 1456; x_wconf 84' lang='grc' dir='ltr'><strong>γάρ</strong></span> <span class='ocrx_word' id='word_1_92' title='bbox 1378 1382 1551 1448; x_wconf 77' lang='grc' dir='ltr'><strong>ἔξεστί</strong></span> <span class='ocrx_word' id='word_1_93' title='bbox 1583 1399 1674 1435; x_wconf 91' lang='grc' dir='ltr'><strong>σου</strong></span> <span class='ocrx_word' id='word_1_94' title='bbox 1712 1399 1817 1452; x_wconf 81' lang='grc' dir='ltr'><strong>μα·-</strong></span> 
     </span>
    </p>
   </div>
   <div class='ocr_carea' id='block_1_13' title="bbox 228 1474 1814 1549">
    <p class='ocr_par' dir='ltr' id='par_1_13' title="bbox 228 1474 1814 1549">
     <span class='ocr_line' id='line_1_13' title="bbox 228 1474 1814 1549; baseline -0.005 -14"><span class='ocrx_word' id='word_1_95' title='bbox 228 1481 354 1535; x_wconf 84' lang='grc' dir='ltr'><strong>θεῖν</strong></span> <span class='ocrx_word' id='word_1_96' title='bbox 385 1478 484 1549; x_wconf 85' lang='grc' dir='ltr'><strong>τὴν</strong></span> <span class='ocrx_word' id='word_1_97' title='bbox 522 1476 817 1549; x_wconf 76' lang='grc' dir='ltr'><strong>ἐμμέλειαν</strong></span> <span class='ocrx_word' id='word_1_98' title='bbox 852 1493 899 1542; x_wconf 85' lang='grc' dir='ltr'><strong>ι,</strong></span> <span class='ocrx_word' id='word_1_99' title='bbox 929 1477 1011 1530; x_wconf 82' lang='grc' dir='ltr'><strong>ὅτι</strong></span> <span class='ocrx_word' id='word_1_100' title='bbox 1044 1477 1180 1545; x_wconf 82' lang='grc' dir='ltr'><strong>πρὸς</strong></span> <span class='ocrx_word' id='word_1_101' title='bbox 1217 1476 1323 1547; x_wconf 70' lang='grc' dir='ltr'><strong>,μὲν</strong></span> <span class='ocrx_word' id='word_1_102' title='bbox 1362 1475 1553 1539; x_wconf 79' lang='grc' dir='ltr'><strong>ἄλλους</strong></span> <span class='ocrx_word' id='word_1_103' title='bbox 1582 1474 1644 1527; x_wconf 86' lang='grc' dir='ltr'><strong>τὸ</strong></span> <span class='ocrx_word' id='word_1_104' title='bbox 1682 1474 1814 1528; x_wconf 88' lang='grc' dir='ltr'><strong>αὐτὸ</strong></span> 
     </span>
    </p>
   </div>
   <div class='ocr_carea' id='block_1_14' title="bbox 227 1565 1810 1642">
    <p class='ocr_par' dir='ltr' id='par_1_14' title="bbox 227 1565 1810 1642">
     <span class='ocr_line' id='line_1_14' title="bbox 227 1565 1810 1642; baseline -0.005 -16"><span class='ocrx_word' id='word_1_105' title='bbox 227 1572 301 1642; x_wconf 86' lang='grc' dir='ltr'><strong>δὴ</strong></span> <span class='ocrx_word' id='word_1_106' title='bbox 345 1569 506 1624; x_wconf 83' lang='grc' dir='ltr'><strong>τοῦτο</strong></span> <span class='ocrx_word' id='word_1_107' title='bbox 550 1569 942 1637; x_wconf 78' lang='grc' dir='ltr'><strong>πεποιηκότας,</strong></span> <span class='ocrx_word' id='word_1_108' title='bbox 985 1566 1080 1620; x_wconf 65' lang='grc' dir='ltr'><strong>καὶ¹</strong></span> <span class='ocrx_word' id='word_1_109' title='bbox 1127 1567 1332 1638; x_wconf 89' lang='grc' dir='ltr'><strong>σφόδρα</strong></span> <span class='ocrx_word' id='word_1_110' title='bbox 1369 1565 1621 1637; x_wconf 84' lang='grc' dir='ltr'><strong>γνησίους</strong></span> <span class='ocrx_word' id='word_1_111' title='bbox 1657 1567 1810 1636; x_wconf 83' lang='grc' dir='ltr'><strong>ἡμῖν,</strong></span> 
     </span>
    </p>
   </div>
   <div class='ocr_carea' id='block_1_15' title="bbox 228 1655 1816 1733">
    <p class='ocr_par' dir='ltr' id='par_1_15' title="bbox 228 1655 1816 1733">
     <span class='ocr_line' id='line_1_15' title="bbox 228 1655 1816 1733; baseline -0.006 -17"><span class='ocrx_word' id='word_1_112' title='bbox 228 1664 341 1716; x_wconf 88' lang='grc' dir='ltr'><strong>οὐκ</strong></span> <span class='ocrx_word' id='word_1_113' title='bbox 368 1661 589 1733; x_wconf 78' lang='grc' dir='ltr'><strong>ἐδέησεν</strong></span> <span class='ocrx_word' id='word_1_114' title='bbox 614 1661 747 1732; x_wconf 83' lang='grc' dir='ltr'><strong>ἡμῖν</strong></span> <span class='ocrx_word' id='word_1_115' title='bbox 768 1657 1087 1726; x_wconf 81' lang='grc' dir='ltr'><strong>ἀπολογίας,</strong></span> <span class='ocrx_word' id='word_1_116' title='bbox 1118 1658 1231 1711; x_wconf 83' lang='grc' dir='ltr'><strong>ἀλλ’</strong></span> <span class='ocrx_word' id='word_1_117' title='bbox 1264 1659 1466 1729; x_wconf 76' lang='grc' dir='ltr'><strong>ἤρκεσε</strong></span> <span class='ocrx_word' id='word_1_118' title='bbox 1488 1657 1548 1709; x_wconf 84' lang='grc' dir='ltr'><strong>τὸ</strong></span> <span class='ocrx_word' id='word_1_119' title='bbox 1566 1655 1816 1728; x_wconf 87' lang='grc' dir='ltr'><strong>διακρού-</strong></span> 
     </span>
    </p>
   </div>
   <div class='ocr_carea' id='block_1_16' title="bbox 231 1746 1817 1823">
    <p class='ocr_par' dir='ltr' id='par_1_16' title="bbox 231 1746 1817 1823">
     <span class='ocr_line' id='line_1_16' title="bbox 231 1746 1817 1823; baseline -0.005 -16"><span class='ocrx_word' id='word_1_120' title='bbox 231 1754 439 1807; x_wconf 90' lang='grc' dir='ltr'><strong>σασθαι</strong></span> <span class='ocrx_word' id='word_1_121' title='bbox 467 1754 539 1808; x_wconf 85' lang='grc' dir='ltr'><strong>τὰ</strong></span> <span class='ocrx_word' id='word_1_122' title='bbox 563 1749 917 1823; x_wconf 77' lang='grc' dir='ltr'><strong>πεμφθένταο</strong></span> <span class='ocrx_word' id='word_1_123' title='bbox 952 1750 1045 1802; x_wconf 72' lang='grc' dir='ltr'><strong>ἐπὶ</strong></span> <span class='ocrx_word' id='word_1_124' title='bbox 1073 1748 1129 1803; x_wconf 84' lang='grc' dir='ltr'><strong>δὲ</strong></span> <span class='ocrx_word' id='word_1_125' title='bbox 1144 1750 1243 1820; x_wconf 83' lang='grc' dir='ltr'><strong>τῆς</strong></span> <span class='ocrx_word' id='word_1_126' title='bbox 1275 1750 1371 1819; x_wconf 79' lang='grc' dir='ltr'><strong>σῆς</strong></span> <span class='ocrx_word' id='word_1_127' title='bbox 1395 1748 1703 1820; x_wconf 85' lang='grc' dir='ltr'><strong>τιμιότητος</strong></span> <span class='ocrx_word' id='word_1_128' title='bbox 1723 1746 1817 1800; x_wconf 81' lang='grc' dir='ltr'><strong>καὶ</strong></span> 
     </span>
    </p>
   </div>
   <div class='ocr_carea' id='block_1_17' title="bbox 234 1840 1815 1918">
    <p class='ocr_par' dir='ltr' id='par_1_17' title="bbox 234 1840 1815 1918">
     <span class='ocr_line' id='line_1_17' title="bbox 234 1840 1815 1918; baseline -0.006 -16"><span class='ocrx_word' id='word_1_129' title='bbox 234 1845 680 1918; x_wconf 78' lang='grc' dir='ltr'><strong>ἀπολογούμεθα,</strong></span> <span class='ocrx_word' id='word_1_130' title='bbox 727 1844 828 1898; x_wconf 74' lang='grc' dir='ltr'><strong>καὶ</strong></span> <span class='ocrx_word' id='word_1_131' title='bbox 869 1842 1298 1914; x_wconf 79' lang='grc' dir='ltr'><strong>παρακαλοῦμεν</strong></span> <span class='ocrx_word' id='word_1_132' title='bbox 1356 1841 1520 1912; x_wconf 82' lang='grc' dir='ltr'><strong>μηδὲν</strong></span> <span class='ocrx_word' id='word_1_133' title='bbox 1557 1840 1815 1910; x_wconf 81' lang='grc' dir='ltr'><strong>ἀλγῆσαι,</strong></span> 
     </span>
    </p>
   </div>
   <div class='ocr_carea' id='block_1_18' title="bbox 230 1930 1820 2009">
    <p class='ocr_par' dir='ltr' id='par_1_18' title="bbox 230 1930 1820 2009">
     <span class='ocr_line' id='line_1_18' title="bbox 230 1930 1820 2009; baseline -0.005 -17"><span class='ocrx_word' id='word_1_134' title='bbox 230 1941 333 1993; x_wconf 78' lang='grc' dir='ltr'><strong>καὶ</strong></span> <span class='ocrx_word' id='word_1_135' title='bbox 363 1940 425 1994; x_wconf 90' lang='grc' dir='ltr'><strong>οὐ</strong></span> <span class='ocrx_word' id='word_1_136' title='bbox 455 1939 716 2009; x_wconf 86' lang='grc' dir='ltr'><strong>πρότερον</strong></span> <span class='ocrx_word' id='word_1_137' title='bbox 734 1938 942 2006; x_wconf 90' lang='grc' dir='ltr'><strong>ἀποστη</strong></span> <span class='ocrx_word' id='word_1_138' title='bbox 952 1933 1156 2005; x_wconf 87' lang='grc' dir='ltr'><strong>σόμεθα</strong></span> <span class='ocrx_word' id='word_1_139' title='bbox 1174 1932 1411 2002; x_wconf 89' lang='grc' dir='ltr'><strong>συνεχῶς</strong></span> <span class='ocrx_word' id='word_1_140' title='bbox 1434 1930 1607 1985; x_wconf 81' lang='grc' dir='ltr'><strong>ταῦτα</strong></span> <span class='ocrx_word' id='word_1_141' title='bbox 1634 1930 1820 1999; x_wconf 88' lang='grc' dir='ltr'><strong>λέγον-</strong></span> 
     </span>
    </p>
   </div>
   <div class='ocr_carea' id='block_1_19' title="bbox 229 2023 1818 2102">
    <p class='ocr_par' dir='ltr' id='par_1_19' title="bbox 229 2023 1818 2102">
     <span class='ocr_line' id='line_1_19' title="bbox 229 2023 1818 2102; baseline -0.007 -16"><span class='ocrx_word' id='word_1_142' title='bbox 229 2051 354 2097; x_wconf 85' lang='grc' dir='ltr'><strong>τες,</strong></span> <span class='ocrx_word' id='word_1_143' title='bbox 387 2033 492 2095; x_wconf 79' lang='grc' dir='ltr'><strong>έως</strong></span> <span class='ocrx_word' id='word_1_144' title='bbox 526 2031 592 2084; x_wconf 81' lang='grc' dir='ltr'><strong>ἂν</strong></span> <span class='ocrx_word' id='word_1_145' title='bbox 619 2031 751 2102; x_wconf 85' lang='grc' dir='ltr'><strong>ἡμῖν</strong></span> <span class='ocrx_word' id='word_1_146' title='bbox 777 2026 1167 2098; x_wconf 83' lang='grc' dir='ltr'><strong>δηλοποιήσῃς,</strong></span> <span class='ocrx_word' id='word_1_147' title='bbox 1196 2025 1278 2078; x_wconf 82' lang='grc' dir='ltr'><strong>ὅτι</strong></span> <span class='ocrx_word' id='word_1_148' title='bbox 1302 2024 1402 2077; x_wconf 88' lang='grc' dir='ltr'><strong>οὐκ</strong></span> <span class='ocrx_word' id='word_1_149' title='bbox 1429 2023 1690 2094; x_wconf 82' lang='grc' dir='ltr'><strong>ήλγησας.</strong></span> <span class='ocrx_word' id='word_1_150' title='bbox 1720 2024 1818 2076; x_wconf 85' lang='lat' dir='ltr'><strong>&quot;Av</strong></span> 
     </span>
    </p>
   </div>
   <div class='ocr_carea' id='block_1_20' title="bbox 231 2113 1818 2197">
    <p class='ocr_par' dir='ltr' id='par_1_20' title="bbox 231 2113 1818 2197">
     <span class='ocr_line' id='line_1_20' title="bbox 231 2113 1818 2197; baseline -0.009 -17"><span class='ocrx_word' id='word_1_151' title='bbox 231 2127 352 2197; x_wconf 78' lang='grc' dir='ltr'><strong>γὰρ</strong></span> <span class='ocrx_word' id='word_1_152' title='bbox 397 2123 653 2177; x_wconf 85' lang='grc' dir='ltr'><strong>τοιούτων</strong></span> <span class='ocrx_word' id='word_1_153' title='bbox 691 2119 1039 2191; x_wconf 83' lang='grc' dir='ltr'><strong>ἐπιτύχωμεν</strong></span> <span class='ocrx_word' id='word_1_154' title='bbox 1077 2115 1442 2187; x_wconf 81' lang='grc' dir='ltr'><strong>γραμμάτων,</strong></span> <span class='ocrx_word' id='word_1_155' title='bbox 1482 2113 1818 2177; x_wconf 85' lang='grc' dir='ltr'><strong>διπλασίονα,</strong></span> 
     </span>
    </p>
   </div>
   <div class='ocr_carea' id='block_1_21' title="bbox 232 2207 1818 2288">
    <p class='ocr_par' dir='ltr' id='par_1_21' title="bbox 232 2207 1818 2288">
     <span class='ocr_line' id='line_1_21' title="bbox 232 2207 1818 2288; baseline -0.009 -15"><span class='ocrx_word' id='word_1_156' title='bbox 232 2220 336 2273; x_wconf 77' lang='grc' dir='ltr'><strong>καὶ</strong></span> <span class='ocrx_word' id='word_1_157' title='bbox 372 2213 750 2288; x_wconf 88' lang='grc' dir='ltr'><strong>τριπλασίονα,</strong></span> <span class='ocrx_word' id='word_1_158' title='bbox 783 2211 878 2266; x_wconf 78' lang='grc' dir='ltr'><strong>καὶ</strong></span> <span class='ocrx_word' id='word_1_159' title='bbox 907 2208 1344 2263; x_wconf 85' lang='grc' dir='ltr'><strong>πολλαπλασίονα</strong></span> <span class='ocrx_word' id='word_1_160' title='bbox 1384 2208 1413 2248; x_wconf 78' lang='lat' dir='ltr'><strong>b</strong></span> <span class='ocrx_word' id='word_1_161' title='bbox 1442 2207 1548 2260; x_wconf 88' lang='grc' dir='ltr'><strong>τῶν</strong></span> <span class='ocrx_word' id='word_1_162' title='bbox 1577 2207 1818 2260; x_wconf 87' lang='grc' dir='ltr'><strong>ἀποστα-</strong></span> 
     </span>
    </p>
   </div>
   <div class='ocr_carea' id='block_1_22' title="bbox 230 2295 1820 2379">
    <p class='ocr_par' dir='ltr' id='par_1_22' title="bbox 230 2295 1820 2379">
     <span class='ocr_line' id='line_1_22' title="bbox 230 2295 1820 2379; baseline -0.009 -17"><span class='ocrx_word' id='word_1_163' title='bbox 230 2310 443 2363; x_wconf 80' lang='grc' dir='ltr'><strong>λέντων</strong></span> <span class='ocrx_word' id='word_1_164' title='bbox 461 2303 741 2379; x_wconf 81' lang='grc' dir='ltr'><strong>ἡγούμεθα</strong></span> <span class='ocrx_word' id='word_1_165' title='bbox 760 2299 1027 2373; x_wconf 86' lang='grc' dir='ltr'><strong>δεδέχθαι.</strong></span> <span class='ocrx_word' id='word_1_166' title='bbox 1057 2299 1261 2353; x_wconf 78' lang='grc' dir='ltr'><strong>Ἱκανὸν</strong></span> <span class='ocrx_word' id='word_1_167' title='bbox 1277 2297 1386 2369; x_wconf 86' lang='grc' dir='ltr'><strong>γὰρ</strong></span> <span class='ocrx_word' id='word_1_168' title='bbox 1410 2297 1642 2367; x_wconf 88' lang='grc' dir='ltr'><strong>μάλιστα</strong></span> <span class='ocrx_word' id='word_1_169' title='bbox 1664 2295 1820 2349; x_wconf 83' lang='grc' dir='ltr'><strong>τοῦτο</strong></span> 
     </span>
    </p>
   </div>
   <div class='ocr_carea' id='block_1_23' title="bbox 232 2386 1820 2466">
    <p class='ocr_par' dir='ltr' id='par_1_23' title="bbox 232 2386 1820 2466">
     <span class='ocr_line' id='line_1_23' title="bbox 232 2386 1820 2466; baseline -0.009 -13"><span class='ocrx_word' id='word_1_170' title='bbox 232 2399 415 2461; x_wconf 78' lang='grc' dir='ltr'><strong>δεῖξαι</strong></span> <span class='ocrx_word' id='word_1_171' title='bbox 449 2398 544 2452; x_wconf 77' lang='grc' dir='ltr'><strong>καὶ</strong></span> <span class='ocrx_word' id='word_1_172' title='bbox 568 2395 668 2466; x_wconf 81' lang='grc' dir='ltr'><strong>τὴν</strong></span> <span class='ocrx_word' id='word_1_173' title='bbox 711 2393 870 2461; x_wconf 82' lang='grc' dir='ltr'><strong>αἰδῶ,</strong></span> <span class='ocrx_word' id='word_1_174' title='bbox 910 2393 1006 2447; x_wconf 74' lang='grc' dir='ltr'><strong>καὶ</strong></span> <span class='ocrx_word' id='word_1_175' title='bbox 1036 2391 1136 2463; x_wconf 81' lang='grc' dir='ltr'><strong>τὴν</strong></span> <span class='ocrx_word' id='word_1_176' title='bbox 1164 2388 1348 2461; x_wconf 84' lang='grc' dir='ltr'><strong>τιμὴν,</strong></span> <span class='ocrx_word' id='word_1_177' title='bbox 1391 2389 1459 2460; x_wconf 79' lang='grc' dir='ltr'><strong>ἣν</strong></span> <span class='ocrx_word' id='word_1_178' title='bbox 1506 2387 1651 2460; x_wconf 77' lang='grc' dir='ltr'><strong>ἔχεις</strong></span> <span class='ocrx_word' id='word_1_179' title='bbox 1681 2386 1820 2458; x_wconf 83' lang='grc' dir='ltr'><strong>πρὸς</strong></span> 
     </span>
    </p>
   </div>
   <div class='ocr_carea' id='block_1_24' title="bbox 122 2495 411 2566">
    <p class='ocr_par' dir='ltr' id='par_1_24' title="bbox 122 2495 411 2566">
     <span class='ocr_line' id='line_1_24' title="bbox 122 2495 411 2566; baseline -0.024 1"><span class='ocrx_word' id='word_1_180' title='bbox 122 2507 127 2510; x_wconf 84' lang='grc'><em>’</em></span> <span class='ocrx_word' id='word_1_181' title='bbox 233 2495 411 2566; x_wconf 49' lang='grc' dir='ltr'><strong>ἡμᾶς</strong></span> 
     </span>
    </p>
   </div>
   <div class='ocr_carea' id='block_1_25' title="bbox 557 2596 1500 2672">
    <p class='ocr_par' dir='ltr' id='par_1_25' title="bbox 557 2596 1500 2672">
     <span class='ocr_line' id='line_1_25' title="bbox 557 2596 1500 2672; baseline -0.011 -13"><span class='ocrx_word' id='word_1_182' title='bbox 557 2602 742 2659; x_wconf 84' lang='grc' dir='ltr'><strong>ΣΛΓ’.</strong></span> <span class='ocrx_word' id='word_1_183' title='bbox 783 2602 939 2672; x_wconf 83' lang='grc' dir='ltr'><strong>Πρὸς</strong></span> <span class='ocrx_word' id='word_1_184' title='bbox 970 2601 1078 2655; x_wconf 80' lang='grc' dir='ltr'><strong>τὸν</strong></span> <span class='ocrx_word' id='word_1_185' title='bbox 1126 2596 1500 2668; x_wconf 79' lang='grc' dir='ltr'><strong>Ἀντιοχείας.</strong></span> 
     </span>
    </p>
   </div>
   <div class='ocr_carea' id='block_1_26' title="bbox 314 2722 1822 2805">
    <p class='ocr_par' dir='ltr' id='par_1_26' title="bbox 314 2722 1822 2805">
     <span class='ocr_line' id='line_1_26' title="bbox 314 2722 1822 2805; baseline -0.01 -16"><span class='ocrx_word' id='word_1_186' title='bbox 314 2734 467 2788; x_wconf 80' lang='grc' dir='ltr'><strong>Ἔδει</strong></span> <span class='ocrx_word' id='word_1_187' title='bbox 503 2733 601 2805; x_wconf 79' lang='grc' dir='ltr'><strong>μὲν</strong></span> <span class='ocrx_word' id='word_1_188' title='bbox 631 2731 730 2803; x_wconf 79' lang='grc' dir='ltr'><strong>τὴν</strong></span> <span class='ocrx_word' id='word_1_189' title='bbox 758 2729 1030 2802; x_wconf 82' lang='grc' dir='ltr'><strong>ὑμετέραν</strong></span> <span class='ocrx_word' id='word_1_190' title='bbox 1055 2727 1340 2791; x_wconf 75' lang='grc' dir='ltr'><strong>εὐλάϐειαν</strong></span> <span class='ocrx_word' id='word_1_191' title='bbox 1375 2723 1449 2795; x_wconf 82' lang='grc' dir='ltr'><strong>μὴ</strong></span> <span class='ocrx_word' id='word_1_192' title='bbox 1473 2725 1585 2786; x_wconf 88' lang='grc' dir='ltr'><strong>τοῖς</strong></span> <span class='ocrx_word' id='word_1_193' title='bbox 1617 2722 1822 2792; x_wconf 77' lang='grc' dir='ltr'><strong>ῥήμασι</strong></span> 
     </span>
    </p>
   </div>
   <div class='ocr_carea' id='block_1_27' title="bbox 230 2812 1823 2895">
    <p class='ocr_par' dir='ltr' id='par_1_27' title="bbox 230 2812 1823 2895">
     <span class='ocr_line' id='line_1_27' title="bbox 230 2812 1823 2895; baseline -0.009 -16"><span class='ocrx_word' id='word_1_194' title='bbox 230 2825 350 2879; x_wconf 83' lang='grc' dir='ltr'><strong>τῶν</strong></span> <span class='ocrx_word' id='word_1_195' title='bbox 379 2823 680 2895; x_wconf 77' lang='grc' dir='ltr'><strong>εἰρηκότων</strong></span> <span class='ocrx_word' id='word_1_196' title='bbox 711 2819 1160 2892; x_wconf 82' lang='grc' dir='ltr'><strong>παρατρέπεσθαι</strong></span> <span class='ocrx_word' id='word_1_197' title='bbox 1196 2817 1295 2888; x_wconf 84' lang='grc' dir='ltr'><strong>τὴν</strong></span> <span class='ocrx_word' id='word_1_198' title='bbox 1324 2816 1580 2879; x_wconf 90' lang='grc' dir='ltr'><strong>διάνοιαν,</strong></span> <span class='ocrx_word' id='word_1_199' title='bbox 1615 2813 1729 2867; x_wconf 84' lang='grc' dir='ltr'><strong>ἀλλ’</strong></span> <span class='ocrx_word' id='word_1_200' title='bbox 1765 2812 1823 2865; x_wconf 90' lang='grc' dir='ltr'><strong>ἐν</strong></span> 
     </span>
    </p>
   </div>
   <div class='ocr_carea' id='block_1_28' title="bbox 233 2904 1824 2986">
    <p class='ocr_par' dir='ltr' id='par_1_28' title="bbox 233 2904 1824 2986">
     <span class='ocr_line' id='line_1_28' title="bbox 233 2904 1824 2986; baseline -0.008 -18"><span class='ocrx_word' id='word_1_201' title='bbox 233 2914 317 2986; x_wconf 80' lang='grc' dir='ltr'><strong>τῷ</strong></span> <span class='ocrx_word' id='word_1_202' title='bbox 348 2913 545 2985; x_wconf 90' lang='grc' dir='ltr'><strong>πλήθει</strong></span> <span class='ocrx_word' id='word_1_203' title='bbox 572 2912 665 2965; x_wconf 84' lang='grc' dir='ltr'><strong>τοῦ</strong></span> <span class='ocrx_word' id='word_1_204' title='bbox 692 2910 922 2981; x_wconf 72' lang='grc' dir='ltr'><strong>ψεύδους</strong></span> <span class='ocrx_word' id='word_1_205' title='bbox 947 2910 1085 2982; x_wconf 84' lang='grc' dir='ltr'><strong>μετὰ</strong></span> <span class='ocrx_word' id='word_1_206' title='bbox 1110 2908 1312 2978; x_wconf 79' lang='grc' dir='ltr'><strong>πολλῆς</strong></span> <span class='ocrx_word' id='word_1_207' title='bbox 1335 2908 1432 2977; x_wconf 83' lang='grc' dir='ltr'><strong>τῆς</strong></span> <span class='ocrx_word' id='word_1_208' title='bbox 1464 2905 1707 2975; x_wconf 78' lang='grc' dir='ltr'><strong>σκέψεως</strong></span> <span class='ocrx_word' id='word_1_209' title='bbox 1736 2904 1824 2956; x_wconf 83' lang='grc' dir='ltr'><strong>ἀν-</strong></span> 
     </span>
    </p>
   </div>
   <div class='ocr_carea' id='block_1_29' title="bbox 240 2995 1821 3078">
    <p class='ocr_par' dir='ltr' id='par_1_29' title="bbox 240 2995 1821 3078">
     <span class='ocr_line' id='line_1_29' title="bbox 240 2995 1821 3078; baseline -0.008 -17"><span class='ocrx_word' id='word_1_210' title='bbox 240 3004 550 3078; x_wconf 87' lang='grc' dir='ltr'><strong>ιχνεύεσθαι</strong></span> <span class='ocrx_word' id='word_1_211' title='bbox 575 3004 673 3074; x_wconf 82' lang='grc' dir='ltr'><strong>τὴν</strong></span> <span class='ocrx_word' id='word_1_212' title='bbox 698 3002 974 3072; x_wconf 87' lang='grc' dir='ltr'><strong>ἀλήθειαν.</strong></span> <span class='ocrx_word' id='word_1_213' title='bbox 999 3002 1063 3054; x_wconf 89' lang='grc' dir='ltr'><strong>Εἰ</strong></span> <span class='ocrx_word' id='word_1_214' title='bbox 1096 3001 1202 3073; x_wconf 81' lang='grc' dir='ltr'><strong>γὰρ</strong></span> <span class='ocrx_word' id='word_1_215' title='bbox 1232 2999 1448 3053; x_wconf 76' lang='grc' dir='ltr'><strong>ἅπαντα</strong></span> <span class='ocrx_word' id='word_1_216' title='bbox 1466 2998 1534 3051; x_wconf 88' lang='grc' dir='ltr'><strong>τὰ</strong></span> <span class='ocrx_word' id='word_1_217' title='bbox 1563 2995 1821 3068; x_wconf 89' lang='grc' dir='ltr'><strong>θρυλλού-</strong></span> 
     </span>
    </p>
   </div>
   <div class='ocr_carea' id='block_1_30' title="bbox 241 3086 1819 3169">
    <p class='ocr_par' dir='ltr' id='par_1_30' title="bbox 241 3086 1819 3169">
     <span class='ocr_line' id='line_1_30' title="bbox 241 3086 1819 3169; baseline -0.009 -17"><span class='ocrx_word' id='word_1_218' title='bbox 241 3113 387 3169; x_wconf 83' lang='grc' dir='ltr'><strong>μενα</strong></span> <span class='ocrx_word' id='word_1_219' title='bbox 407 3095 664 3165; x_wconf 85' lang='grc' dir='ltr'><strong>ἀλήθειαν</strong></span> <span class='ocrx_word' id='word_1_220' title='bbox 692 3092 1006 3155; x_wconf 88' lang='grc' dir='ltr'><strong>ὑπολάϐοις,</strong></span> <span class='ocrx_word' id='word_1_221' title='bbox 1041 3088 1445 3145; x_wconf 85' lang='grc' dir='ltr'><strong>κινδυνεύσειαν</strong></span> <span class='ocrx_word' id='word_1_222' title='bbox 1467 3087 1533 3142; x_wconf 84' lang='grc' dir='ltr'><strong>ἂν</strong></span> <span class='ocrx_word' id='word_1_223' title='bbox 1564 3086 1819 3150; x_wconf 79' lang='grc' dir='ltr'><strong>ἆπαντεςο</strong></span> 
     </span>
    </p>
   </div>
   <div class='ocr_carea' id='block_1_31' title="bbox 233 3176 1820 3260">
    <p class='ocr_par' dir='ltr' id='par_1_31' title="bbox 233 3176 1820 3260">
     <span class='ocr_line' id='line_1_31' title="bbox 233 3176 1820 3260; baseline -0.008 -16"><span class='ocrx_word' id='word_1_224' title='bbox 233 3192 289 3247; x_wconf 78' lang='grc' dir='ltr'><strong>εί</strong></span> <span class='ocrx_word' id='word_1_225' title='bbox 327 3187 384 3241; x_wconf 80' lang='grc' dir='ltr'><strong>δὲ</strong></span> <span class='ocrx_word' id='word_1_226' title='bbox 413 3187 594 3260; x_wconf 88' lang='grc' dir='ltr'><strong>κρίσει</strong></span> <span class='ocrx_word' id='word_1_227' title='bbox 626 3186 722 3241; x_wconf 81' lang='grc' dir='ltr'><strong>καὶ</strong></span> <span class='ocrx_word' id='word_1_228' title='bbox 750 3184 935 3255; x_wconf 89' lang='grc' dir='ltr'><strong>νόμοις</strong></span> <span class='ocrx_word' id='word_1_229' title='bbox 962 3181 1297 3252; x_wconf 88' lang='grc' dir='ltr'><strong>ἀνιχνεύεται</strong></span> <span class='ocrx_word' id='word_1_230' title='bbox 1327 3179 1394 3234; x_wconf 80' lang='grc' dir='ltr'><strong>τὰ</strong></span> <span class='ocrx_word' id='word_1_231' title='bbox 1420 3191 1443 3219; x_wconf 76' lang='grc' dir='ltr'><strong>ο</strong></span> <span class='ocrx_word' id='word_1_232' title='bbox 1464 3176 1820 3246; x_wconf 84' lang='grc' dir='ltr'><strong>λανθάνοντα,</strong></span> 
     </span>
    </p>
   </div>
   <div class='ocr_carea' id='block_1_32' title="bbox 237 3272 1823 3352">
    <p class='ocr_par' dir='ltr' id='par_1_32' title="bbox 237 3272 1823 3352">
     <span class='ocr_line' id='line_1_32' title="bbox 237 3272 1823 3352; baseline -0.006 -18"><span class='ocrx_word' id='word_1_233' title='bbox 237 3281 525 3352; x_wconf 85' lang='grc' dir='ltr'><strong>κριτήριον</strong></span> <span class='ocrx_word' id='word_1_234' title='bbox 550 3277 615 3333; x_wconf 81' lang='grc' dir='ltr'><strong>ἂν</strong></span> <span class='ocrx_word' id='word_1_235' title='bbox 656 3277 834 3347; x_wconf 83' lang='grc' dir='ltr'><strong>ἐγωγε</strong></span> <span class='ocrx_word' id='word_1_236' title='bbox 866 3274 996 3347; x_wconf 82' lang='grc' dir='ltr'><strong>παρ’</strong></span> <span class='ocrx_word' id='word_1_237' title='bbox 1025 3274 1178 3345; x_wconf 89' lang='grc' dir='ltr'><strong>ὑμῶν</strong></span> <span class='ocrx_word' id='word_1_238' title='bbox 1203 3273 1536 3343; x_wconf 82' lang='grc' dir='ltr'><strong>ἐπεζήτησα,</strong></span> <span class='ocrx_word' id='word_1_239' title='bbox 1562 3274 1609 3325; x_wconf 89' lang='grc' dir='ltr'><strong>εί</strong></span> <span class='ocrx_word' id='word_1_240' title='bbox 1633 3272 1709 3343; x_wconf 87' lang='grc' dir='ltr'><strong>μή</strong></span> <span class='ocrx_word' id='word_1_241' title='bbox 1739 3289 1823 3335; x_wconf 91' lang='grc' dir='ltr'><strong>τις</strong></span> 
     </span>
    </p>
   </div>
   <div class='ocr_carea' id='block_1_33' title="bbox 236 3361 1821 3441">
    <p class='ocr_par' dir='ltr' id='par_1_33' title="bbox 236 3361 1821 3441">
     <span class='ocr_line' id='line_1_33' title="bbox 236 3361 1821 3441; baseline -0.006 -18"><span class='ocrx_word' id='word_1_242' title='bbox 236 3371 408 3441; x_wconf 74' lang='grc' dir='ltr'><strong>ἕτερα</strong></span> <span class='ocrx_word' id='word_1_243' title='bbox 446 3364 604 3433; x_wconf 79' lang='grc' dir='ltr'><strong>αὖθις</strong></span> <span class='ocrx_word' id='word_1_244' title='bbox 642 3366 782 3420; x_wconf 82' lang='grc' dir='ltr'><strong>ὅπλα</strong></span> <span class='ocrx_word' id='word_1_245' title='bbox 822 3363 1193 3433; x_wconf 81' lang='grc' dir='ltr'><strong>συκοφαντίας</strong></span> <span class='ocrx_word' id='word_1_246' title='bbox 1235 3379 1324 3434; x_wconf 89' lang='grc' dir='ltr'><strong>μοι</strong></span> <span class='ocrx_word' id='word_1_247' title='bbox 1354 3361 1690 3415; x_wconf 85' lang='grc' dir='ltr'><strong>ἐπιπνεύσει.</strong></span> <span class='ocrx_word' id='word_1_248' title='bbox 1722 3361 1821 3413; x_wconf 92' lang='grc' dir='ltr'><strong>Δέ-</strong></span> 
     </span>
    </p>
   </div>
   <div class='ocr_carea' id='block_1_34' title="bbox 239 3448 1821 3530">
    <p class='ocr_par' dir='ltr' id='par_1_34' title="bbox 239 3448 1821 3530">
     <span class='ocr_line' id='line_1_34' title="bbox 239 3448 1821 3530; baseline -0.008 -15"><span class='ocrx_word' id='word_1_249' title='bbox 239 3462 402 3515; x_wconf 86' lang='grc' dir='ltr'><strong>δοικα</strong></span> <span class='ocrx_word' id='word_1_250' title='bbox 433 3458 564 3530; x_wconf 85' lang='grc' dir='ltr'><strong>γὰρ,</strong></span> <span class='ocrx_word' id='word_1_251' title='bbox 595 3456 811 3510; x_wconf 90' lang='grc' dir='ltr'><strong>δέδοικα</strong></span> <span class='ocrx_word' id='word_1_252' title='bbox 834 3454 1021 3509; x_wconf 86' lang='grc' dir='ltr'><strong>λοιπὸν</strong></span> <span class='ocrx_word' id='word_1_253' title='bbox 1044 3452 1144 3516; x_wconf 83' lang='grc' dir='ltr'><strong>τὰς</strong></span> <span class='ocrx_word' id='word_1_254' title='bbox 1178 3451 1356 3514; x_wconf 84' lang='grc' dir='ltr'><strong>σκιὰς,</strong></span> <span class='ocrx_word' id='word_1_255' title='bbox 1382 3450 1479 3505; x_wconf 76' lang='grc' dir='ltr'><strong>καὶ</strong></span> <span class='ocrx_word' id='word_1_256' title='bbox 1508 3450 1577 3503; x_wconf 85' lang='grc' dir='ltr'><strong>τὰ</strong></span> <span class='ocrx_word' id='word_1_257' title='bbox 1614 3448 1821 3519; x_wconf 80' lang='grc' dir='ltr'><strong>φαντά-</strong></span> 
     </span>
    </p>
   </div>
   <div class='ocr_carea' id='block_1_35' title="bbox 244 3540 1822 3621">
    <p class='ocr_par' dir='ltr' id='par_1_35' title="bbox 244 3540 1822 3621">
     <span class='ocr_line' id='line_1_35' title="bbox 244 3540 1822 3621; baseline -0.006 -17"><span class='ocrx_word' id='word_1_258' title='bbox 244 3566 456 3621; x_wconf 85' lang='grc' dir='ltr'><strong>σματα,</strong></span> <span class='ocrx_word' id='word_1_259' title='bbox 504 3547 693 3618; x_wconf 83' lang='grc' dir='ltr'><strong>ἐπειδὴ</strong></span> <span class='ocrx_word' id='word_1_260' title='bbox 728 3546 887 3601; x_wconf 71' lang='grc' dir='ltr'><strong>αὐτοὶ</strong></span> <span class='ocrx_word' id='word_1_261' title='bbox 930 3542 1289 3598; x_wconf 86' lang='grc' dir='ltr'><strong>ἐδικαιώσατε</strong></span> <span class='ocrx_word' id='word_1_262' title='bbox 1336 3540 1529 3605; x_wconf 82' lang='grc' dir='ltr'><strong>οὑτως.</strong></span> <span class='ocrx_word' id='word_1_263' title='bbox 1568 3542 1632 3594; x_wconf 91' lang='grc' dir='ltr'><strong>Οἱ</strong></span> <span class='ocrx_word' id='word_1_264' title='bbox 1678 3540 1822 3611; x_wconf 90' lang='grc' dir='ltr'><strong>φίλοι</strong></span> 
     </span>
    </p>
   </div>
   <div class='ocr_carea' id='block_1_36' title="bbox 236 3631 1821 3714">
    <p class='ocr_par' dir='ltr' id='par_1_36' title="bbox 236 3631 1821 3714">
     <span class='ocr_line' id='line_1_36' title="bbox 236 3631 1821 3714; baseline -0.007 -17"><span class='ocrx_word' id='word_1_265' title='bbox 236 3645 342 3714; x_wconf 83' lang='grc' dir='ltr'><strong>τὴν</strong></span> <span class='ocrx_word' id='word_1_266' title='bbox 371 3640 551 3711; x_wconf 82' lang='grc' dir='ltr'><strong>φιλίαν</strong></span> <span class='ocrx_word' id='word_1_267' title='bbox 588 3641 920 3710; x_wconf 74' lang='grc' dir='ltr'><strong>ἠρνήσαντο,</strong></span> <span class='ocrx_word' id='word_1_268' title='bbox 964 3639 1014 3691; x_wconf 88' lang='grc' dir='ltr'><strong>οί</strong></span> <span class='ocrx_word' id='word_1_269' title='bbox 1063 3634 1292 3706; x_wconf 85' lang='grc' dir='ltr'><strong>πλησίον</strong></span> <span class='ocrx_word' id='word_1_270' title='bbox 1340 3632 1491 3696; x_wconf 78' lang='grc' dir='ltr'><strong>ὅντες</strong></span> <span class='ocrx_word' id='word_1_271' title='bbox 1540 3631 1821 3705; x_wconf 77' lang='grc' dir='ltr'><strong>πόρρωθεν</strong></span> 
     </span>
    </p>
   </div>
   <div class='ocr_carea' id='block_1_37' title="bbox 242 3722 1824 3807">
    <p class='ocr_par' dir='ltr' id='par_1_37' title="bbox 242 3722 1824 3807">
     <span class='ocr_line' id='line_1_37' title="bbox 242 3722 1824 3807; baseline -0.009 -19"><span class='ocrx_word' id='word_1_272' title='bbox 242 3733 400 3807; x_wconf 69' lang='lat'><em>[729]</em></span> <span class='ocrx_word' id='word_1_273' title='bbox 433 3732 689 3803; x_wconf 73' lang='grc' dir='ltr'><strong>ἔστησαν,</strong></span> <span class='ocrx_word' id='word_1_274' title='bbox 723 3731 822 3784; x_wconf 73' lang='grc' dir='ltr'><strong>καὶ</strong></span> <span class='ocrx_word' id='word_1_275' title='bbox 858 3726 1142 3801; x_wconf 75' lang='grc' dir='ltr'><strong>πόρρωθεν</strong></span> <span class='ocrx_word' id='word_1_276' title='bbox 1170 3725 1324 3788; x_wconf 74' lang='grc' dir='ltr'><strong>ὄντες</strong></span> <span class='ocrx_word' id='word_1_277' title='bbox 1354 3723 1421 3777; x_wconf 90' lang='grc' dir='ltr'><strong>τά</strong></span> <span class='ocrx_word' id='word_1_278' title='bbox 1448 3723 1574 3794; x_wconf 83' lang='grc' dir='ltr'><strong>βέλη</strong></span> <span class='ocrx_word' id='word_1_279' title='bbox 1599 3722 1703 3793; x_wconf 84' lang='grc' dir='ltr'><strong>τῆς</strong></span> <span class='ocrx_word' id='word_1_280' title='bbox 1736 3738 1824 3774; x_wconf 83' lang='grc' dir='ltr'><strong>συ-</strong></span> 
     </span>
    </p>
   </div>
   <div class='ocr_carea' id='block_1_38' title="bbox 238 3812 1821 3895">
    <p class='ocr_par' dir='ltr' id='par_1_38' title="bbox 238 3812 1821 3895">
     <span class='ocr_line' id='line_1_38' title="bbox 238 3812 1821 3895; baseline -0.01 -15"><span class='ocrx_word' id='word_1_281' title='bbox 238 3824 542 3895; x_wconf 84' lang='grc' dir='ltr'><strong>κοφαντίας</strong></span> <span class='ocrx_word' id='word_1_282' title='bbox 585 3819 1026 3886; x_wconf 79' lang='grc' dir='ltr'><strong>ἀποτοξεύουσιν.</strong></span> <span class='ocrx_word' id='word_1_283' title='bbox 1077 3816 1350 3888; x_wconf 69' lang='grc' dir='ltr'><strong>Ἐνομέσῳ</strong></span> <span class='ocrx_word' id='word_1_284' title='bbox 1376 3814 1434 3868; x_wconf 83' lang='grc' dir='ltr'><strong>δὲ</strong></span> <span class='ocrx_word' id='word_1_285' title='bbox 1470 3813 1563 3867; x_wconf 80' lang='grc' dir='ltr'><strong>τοῦ</strong></span> <span class='ocrx_word' id='word_1_286' title='bbox 1605 3812 1821 3884; x_wconf 83' lang='grc' dir='ltr'><strong>λιμένος</strong></span> 
     </span>
    </p>
   </div>
   <div class='ocr_carea' id='block_1_39' title="bbox 239 3906 1821 3986">
    <p class='ocr_par' dir='ltr' id='par_1_39' title="bbox 239 3906 1821 3986">
     <span class='ocr_line' id='line_1_39' title="bbox 239 3906 1821 3986; baseline -0.008 -17"><span class='ocrx_word' id='word_1_287' title='bbox 239 3917 376 3969; x_wconf 71' lang='grc' dir='ltr'><strong>ὄντα</strong></span> <span class='ocrx_word' id='word_1_288' title='bbox 422 3932 490 3986; x_wconf 90' lang='grc' dir='ltr'><strong>με</strong></span> <span class='ocrx_word' id='word_1_289' title='bbox 514 3914 770 3982; x_wconf 80' lang='grc' dir='ltr'><strong>ναυάγιον</strong></span> <span class='ocrx_word' id='word_1_290' title='bbox 809 3912 1096 3982; x_wconf 86' lang='grc' dir='ltr'><strong>ὑπομεῖναι</strong></span> <span class='ocrx_word' id='word_1_291' title='bbox 1122 3909 1434 3977; x_wconf 82' lang='grc' dir='ltr'><strong>ἐποιήσατε.</strong></span> <span class='ocrx_word' id='word_1_292' title='bbox 1477 3906 1615 3959; x_wconf 85' lang='grc' dir='ltr'><strong>Ἀλλ’</strong></span> <span class='ocrx_word' id='word_1_293' title='bbox 1656 3906 1821 3958; x_wconf 79' lang='grc' dir='ltr'><strong>είκαὶ</strong></span> 
     </span>
    </p>
   </div>
   <div class='ocr_carea' id='block_1_40' title="bbox 237 3998 1821 4079">
    <p class='ocr_par' dir='ltr' id='par_1_40' title="bbox 237 3998 1821 4079">
     <span class='ocr_line' id='line_1_40' title="bbox 237 3998 1821 4079; baseline -0.012 -13"><span class='ocrx_word' id='word_1_294' title='bbox 237 4010 346 4079; x_wconf 81' lang='grc' dir='ltr'><strong>τῆς</strong></span> <span class='ocrx_word' id='word_1_295' title='bbox 363 4009 569 4071; x_wconf 87' lang='grc' dir='ltr'><strong>πόλεως</strong></span> <span class='ocrx_word' id='word_1_296' title='bbox 589 4005 943 4075; x_wconf 83' lang='grc' dir='ltr'><strong>ἐκϐάλλομαι,</strong></span> <span class='ocrx_word' id='word_1_297' title='bbox 972 4003 1068 4058; x_wconf 71' lang='grc' dir='ltr'><strong>καὶ</strong></span> <span class='ocrx_word' id='word_1_298' title='bbox 1095 4001 1193 4071; x_wconf 80' lang='grc' dir='ltr'><strong>τῆς</strong></span> <span class='ocrx_word' id='word_1_299' title='bbox 1218 4000 1542 4070; x_wconf 83' lang='grc' dir='ltr'><strong>Ἑκκλησίας</strong></span> <span class='ocrx_word' id='word_1_300' title='bbox 1563 3998 1821 4069; x_wconf 85' lang='grc' dir='ltr'><strong>ἀπείργο-</strong></span> 
     </span>
    </p>
   </div>
   <div class='ocr_carea' id='block_1_41' title="bbox 244 4091 1816 4171">
    <p class='ocr_par' dir='ltr' id='par_1_41' title="bbox 244 4091 1816 4171">
     <span class='ocr_line' id='line_1_41' title="bbox 244 4091 1816 4171; baseline -0.006 -17"><span class='ocrx_word' id='word_1_301' title='bbox 244 4117 369 4169; x_wconf 83' lang='grc' dir='ltr'><strong>μαι,</strong></span> <span class='ocrx_word' id='word_1_302' title='bbox 424 4099 682 4171; x_wconf 89' lang='grc' dir='ltr'><strong>πείθομαι</strong></span> <span class='ocrx_word' id='word_1_303' title='bbox 713 4097 849 4171; x_wconf 84' lang='grc' dir='ltr'><strong>πρὸς</strong></span> <span class='ocrx_word' id='word_1_304' title='bbox 901 4096 1081 4149; x_wconf 79' lang='grc' dir='ltr'><strong>πᾶσαν</strong></span> <span class='ocrx_word' id='word_1_305' title='bbox 1125 4092 1494 4147; x_wconf 84' lang='grc' dir='ltr'><strong>ἀποδύσασθαι</strong></span> <span class='ocrx_word' id='word_1_306' title='bbox 1525 4091 1816 4163; x_wconf 89' lang='grc' dir='ltr'><strong>τιμωρίαν.</strong></span> 
     </span>
    </p>
   </div>
   <div class='ocr_carea' id='block_1_42' title="bbox 239 4180 1822 4263">
    <p class='ocr_par' dir='ltr' id='par_1_42' title="bbox 239 4180 1822 4263">
     <span class='ocr_line' id='line_1_42' title="bbox 239 4180 1822 4263; baseline -0.007 -16"><span class='ocrx_word' id='word_1_307' title='bbox 239 4192 512 4263; x_wconf 81' lang='grc' dir='ltr'><strong>Κέκριται</strong></span> <span class='ocrx_word' id='word_1_308' title='bbox 532 4189 645 4261; x_wconf 88' lang='grc' dir='ltr'><strong>γάρ</strong></span> <span class='ocrx_word' id='word_1_309' title='bbox 672 4205 762 4259; x_wconf 88' lang='grc' dir='ltr'><strong>μοι</strong></span> <span class='ocrx_word' id='word_1_310' title='bbox 786 4186 1117 4257; x_wconf 84' lang='grc' dir='ltr'><strong>φιλοσοφεῖν,</strong></span> <span class='ocrx_word' id='word_1_311' title='bbox 1142 4183 1237 4237; x_wconf 72' lang='grc' dir='ltr'><strong>καὶ</strong></span> <span class='ocrx_word' id='word_1_312' title='bbox 1263 4183 1448 4254; x_wconf 88' lang='grc' dir='ltr'><strong>φέρειν</strong></span> <span class='ocrx_word' id='word_1_313' title='bbox 1467 4182 1730 4251; x_wconf 88' lang='grc' dir='ltr'><strong>γενναίως</strong></span> <span class='ocrx_word' id='word_1_314' title='bbox 1750 4180 1822 4236; x_wconf 86' lang='grc' dir='ltr'><strong>τά</strong></span> 
     </span>
    </p>
   </div>
   <div class='ocr_carea' id='block_1_43' title="bbox 238 4273 1823 4353">
    <p class='ocr_par' dir='ltr' id='par_1_43' title="bbox 238 4273 1823 4353">
     <span class='ocr_line' id='line_1_43' title="bbox 238 4273 1823 4353; baseline -0.006 -16"><span class='ocrx_word' id='word_1_315' title='bbox 238 4282 501 4353; x_wconf 80' lang='grc' dir='ltr'><strong>δυσχερῆ.</strong></span> <span class='ocrx_word' id='word_1_316' title='bbox 534 4277 667 4335; x_wconf 80' lang='grc' dir='ltr'><strong>Οἶδα</strong></span> <span class='ocrx_word' id='word_1_317' title='bbox 692 4278 823 4351; x_wconf 89' lang='grc' dir='ltr'><strong>γάρ,</strong></span> <span class='ocrx_word' id='word_1_318' title='bbox 852 4273 969 4331; x_wconf 76' lang='grc' dir='ltr'><strong>οῖδα</strong></span> <span class='ocrx_word' id='word_1_319' title='bbox 1006 4275 1192 4346; x_wconf 81' lang='grc' dir='ltr'><strong>σαφῶς</strong></span> <span class='ocrx_word' id='word_1_320' title='bbox 1217 4274 1316 4347; x_wconf 84' lang='grc' dir='ltr'><strong>τὴν</strong></span> <span class='ocrx_word' id='word_1_321' title='bbox 1341 4274 1574 4347; x_wconf 78' lang='grc' dir='ltr'><strong>ἐρημίαν</strong></span> <span class='ocrx_word' id='word_1_322' title='bbox 1601 4275 1823 4327; x_wconf 85' lang='grc' dir='ltr'><strong>εὐτονω-</strong></span> 
     </span>
    </p>
   </div>
   <div class='ocr_carea' id='block_1_44' title="bbox 237 4363 1818 4443">
    <p class='ocr_par' dir='ltr' id='par_1_44' title="bbox 237 4363 1818 4443">
     <span class='ocr_line' id='line_1_44' title="bbox 237 4363 1818 4443; baseline -0.005 -18"><span class='ocrx_word' id='word_1_323' title='bbox 237 4373 408 4443; x_wconf 87' lang='grc' dir='ltr'><strong>τέραν</strong></span> <span class='ocrx_word' id='word_1_324' title='bbox 437 4367 577 4424; x_wconf 80' lang='grc' dir='ltr'><strong>εἶναι</strong></span> <span class='ocrx_word' id='word_1_325' title='bbox 602 4369 702 4439; x_wconf 86' lang='grc' dir='ltr'><strong>τῆς</strong></span> <span class='ocrx_word' id='word_1_326' title='bbox 727 4367 958 4430; x_wconf 89' lang='grc' dir='ltr'><strong>πόλεως,</strong></span> <span class='ocrx_word' id='word_1_327' title='bbox 989 4367 1083 4420; x_wconf 75' lang='grc' dir='ltr'><strong>καὶ</strong></span> <span class='ocrx_word' id='word_1_328' title='bbox 1103 4364 1173 4418; x_wconf 89' lang='grc' dir='ltr'><strong>τά</strong></span> <span class='ocrx_word' id='word_1_329' title='bbox 1201 4364 1368 4437; x_wconf 86' lang='grc' dir='ltr'><strong>θηρία</strong></span> <span class='ocrx_word' id='word_1_330' title='bbox 1396 4364 1492 4418; x_wconf 82' lang='grc' dir='ltr'><strong>τοῦ</strong></span> <span class='ocrx_word' id='word_1_331' title='bbox 1514 4363 1684 4434; x_wconf 83' lang='grc' dir='ltr'><strong>ἀγροῦ</strong></span> <span class='ocrx_word' id='word_1_332' title='bbox 1709 4363 1818 4417; x_wconf 90' lang='grc' dir='ltr'><strong>τῶν</strong></span> 
     </span>
    </p>
   </div>
   <div class='ocr_carea' id='block_1_45' title="bbox 239 4453 1099 4534">
    <p class='ocr_par' dir='ltr' id='par_1_45' title="bbox 239 4453 1099 4534">
     <span class='ocr_line' id='line_1_45' title="bbox 239 4453 1099 4534; baseline -0.005 -20"><span class='ocrx_word' id='word_1_333' title='bbox 239 4463 414 4533; x_wconf 84' lang='grc' dir='ltr'><strong>φίλων</strong></span> <span class='ocrx_word' id='word_1_334' title='bbox 446 4453 793 4534; x_wconf 79' lang='grc' dir='ltr'><strong>ήμερώτέρα.</strong></span> <span class='ocrx_word' id='word_1_335' title='bbox 827 4458 1099 4529; x_wconf 77' lang='grc' dir='ltr'><strong>Ἐρρωσο.</strong></span> 
     </span>
    </p>
   </div>
   <div class='ocr_carea' id='block_1_46' title="bbox 783 4578 1286 4647">
    <p class='ocr_par' dir='ltr' id='par_1_46' title="bbox 783 4578 1286 4647">
     <span class='ocr_line' id='line_1_46' title="bbox 783 4578 1286 4647; baseline -0.016 -10"><span class='ocrx_word' id='word_1_336' title='bbox 783 4581 957 4637; x_wconf 87' lang='grc' dir='ltr'><strong>ΣΛΔ’.</strong></span> <span class='ocrx_word' id='word_1_337' title='bbox 1010 4578 1286 4647; x_wconf 76' lang='grc' dir='ltr'><strong>Βρίσωνι.</strong></span> 
     </span>
    </p>
   </div>
   <div class='ocr_carea' id='block_1_47' title="bbox 322 4694 1821 4778">
    <p class='ocr_par' dir='ltr' id='par_1_47' title="bbox 322 4694 1821 4778">
     <span class='ocr_line' id='line_1_47' title="bbox 322 4694 1821 4778; baseline -0.009 -16"><span class='ocrx_word' id='word_1_338' title='bbox 322 4706 732 4778; x_wconf 84' lang='grc' dir='ltr'><strong>Ἐϐδομήκοντα</strong></span> <span class='ocrx_word' id='word_1_339' title='bbox 776 4700 960 4773; x_wconf 83' lang='grc' dir='ltr'><strong>σχεδὸν</strong></span> <span class='ocrx_word' id='word_1_340' title='bbox 1012 4698 1227 4771; x_wconf 83' lang='grc' dir='ltr'><strong>ἡμέρας</strong></span> <span class='ocrx_word' id='word_1_341' title='bbox 1274 4695 1648 4760; x_wconf 85' lang='grc' dir='ltr'><strong>ἀναλώσαντες</strong></span> <span class='ocrx_word' id='word_1_342' title='bbox 1680 4694 1821 4750; x_wconf 86' lang='grc' dir='ltr'><strong>κατά</strong></span> 
     </span>
    </p>
   </div>
   <div class='ocr_carea' id='block_1_48' title="bbox 241 4787 1819 4873">
    <p class='ocr_par' dir='ltr' id='par_1_48' title="bbox 241 4787 1819 4873">
     <span class='ocr_line' id='line_1_48' title="bbox 241 4787 1819 4873; baseline -0.008 -19"><span class='ocrx_word' id='word_1_343' title='bbox 241 4802 344 4873; x_wconf 82' lang='grc' dir='ltr'><strong>τὴν</strong></span> <span class='ocrx_word' id='word_1_344' title='bbox 372 4799 517 4863; x_wconf 83' lang='grc' dir='ltr'><strong>ὁδὸν,</strong></span> <span class='ocrx_word' id='word_1_345' title='bbox 563 4798 686 4853; x_wconf 85' lang='grc' dir='ltr'><strong>ὅθεν</strong></span> <span class='ocrx_word' id='word_1_346' title='bbox 743 4791 1056 4864; x_wconf 81' lang='grc' dir='ltr'><strong>λογίζεσθαι</strong></span> <span class='ocrx_word' id='word_1_347' title='bbox 1099 4790 1274 4856; x_wconf 76' lang='grc' dir='ltr'><strong>ἔξεστι</strong></span> <span class='ocrx_word' id='word_1_348' title='bbox 1304 4791 1371 4861; x_wconf 85' lang='grc' dir='ltr'><strong>τῇ</strong></span> <span class='ocrx_word' id='word_1_349' title='bbox 1425 4787 1819 4859; x_wconf 87' lang='grc' dir='ltr'><strong>θαυμασιότητί</strong></span> 
     </span>
    </p>
   </div>
   <div class='ocr_carea' id='block_1_49' title="bbox 243 4880 1818 4958">
    <p class='ocr_par' dir='ltr' id='par_1_49' title="bbox 243 4880 1818 4958">
     <span class='ocr_line' id='line_1_49' title="bbox 243 4880 1818 4958; baseline -0.008 -11"><span class='ocrx_word' id='word_1_350' title='bbox 243 4911 363 4956; x_wconf 87' lang='grc' dir='ltr'><strong>σου,</strong></span> <span class='ocrx_word' id='word_1_351' title='bbox 418 4891 519 4944; x_wconf 82' lang='grc' dir='ltr'><strong>ὅσα</strong></span> <span class='ocrx_word' id='word_1_352' title='bbox 542 4907 605 4943; x_wconf 89' lang='grc' dir='ltr'><strong>τε</strong></span> <span class='ocrx_word' id='word_1_353' title='bbox 647 4888 743 4942; x_wconf 74' lang='grc' dir='ltr'><strong>καὶ</strong></span> <span class='ocrx_word' id='word_1_354' title='bbox 789 4885 956 4958; x_wconf 83' lang='grc' dir='ltr'><strong>ἡλίκα</strong></span> <span class='ocrx_word' id='word_1_355' title='bbox 998 4883 1346 4954; x_wconf 90' lang='grc' dir='ltr'><strong>πεπόνθαμεν</strong></span> <span class='ocrx_word' id='word_1_356' title='bbox 1379 4880 1543 4945; x_wconf 86' lang='grc' dir='ltr'><strong>κακὰ,</strong></span> <span class='ocrx_word' id='word_1_357' title='bbox 1578 4881 1728 4952; x_wconf 87' lang='grc' dir='ltr'><strong>φόϐῳ</strong></span> <span class='ocrx_word' id='word_1_358' title='bbox 1759 4897 1818 4934; x_wconf 90' lang='grc' dir='ltr'><strong>τε</strong></span> 
     </span>
    </p>
   </div>
   <div class='ocr_carea' id='block_1_50' title="bbox 252 4971 1818 5054">
    <p class='ocr_par' dir='ltr' id='par_1_50' title="bbox 252 4971 1818 5054">
     <span class='ocr_line' id='line_1_50' title="bbox 252 4971 1818 5054; baseline -0.008 -18"><span class='ocrx_word' id='word_1_359' title='bbox 252 4979 544 5054; x_wconf 82' lang='grc' dir='ltr'><strong>Ἰσαυρικῷ</strong></span> <span class='ocrx_word' id='word_1_360' title='bbox 594 4975 1046 5049; x_wconf 85' lang='grc' dir='ltr'><strong>πολιορκούμενοι</strong></span> <span class='ocrx_word' id='word_1_361' title='bbox 1091 4971 1381 5045; x_wconf 83' lang='grc' dir='ltr'><strong>πολλαχοῦ,</strong></span> <span class='ocrx_word' id='word_1_362' title='bbox 1427 4972 1522 5028; x_wconf 81' lang='grc' dir='ltr'><strong>καὶ</strong></span> <span class='ocrx_word' id='word_1_363' title='bbox 1568 4973 1818 5044; x_wconf 86' lang='grc' dir='ltr'><strong>πυρετοῖς</strong></span> 
     </span>
    </p>
   </div>
   <div class='ocr_carea' id='block_1_51' title="bbox 239 5065 1819 5145">
    <p class='ocr_par' dir='ltr' id='par_1_51' title="bbox 239 5065 1819 5145">
     <span class='ocr_line' id='line_1_51' title="bbox 239 5065 1819 5145; baseline -0.008 -17"><span class='ocrx_word' id='word_1_364' title='bbox 239 5074 540 5145; x_wconf 89' lang='grc' dir='ltr'><strong>ἀφορήτοις</strong></span> <span class='ocrx_word' id='word_1_365' title='bbox 582 5070 928 5132; x_wconf 86' lang='grc' dir='ltr'><strong>παλαίοντες,</strong></span> <span class='ocrx_word' id='word_1_366' title='bbox 975 5066 1073 5137; x_wconf 76' lang='grc' dir='ltr'><strong>ὀψέ</strong></span> <span class='ocrx_word' id='word_1_367' title='bbox 1110 5083 1253 5119; x_wconf 70' lang='grc' dir='ltr'><strong>«ποτε</strong></span> <span class='ocrx_word' id='word_1_368' title='bbox 1304 5066 1694 5136; x_wconf 79' lang='grc' dir='ltr'><strong>ἀπηντήσαμεν</strong></span> <span class='ocrx_word' id='word_1_369' title='bbox 1739 5065 1819 5127; x_wconf 87' lang='grc' dir='ltr'><strong>είς</strong></span> 
     </span>
    </p>
   </div>
   <div class='ocr_carea' id='block_1_52' title="bbox 241 5155 1816 5238">
    <p class='ocr_par' dir='ltr' id='par_1_52' title="bbox 241 5155 1816 5238">
     <span class='ocr_line' id='line_1_52' title="bbox 241 5155 1816 5238; baseline -0.008 -17"><span class='ocrx_word' id='word_1_370' title='bbox 241 5167 340 5238; x_wconf 78' lang='grc' dir='ltr'><strong>τὴν</strong></span> <span class='ocrx_word' id='word_1_371' title='bbox 366 5163 698 5226; x_wconf 83' lang='grc' dir='ltr'><strong>Κουκουσὸν,</strong></span> <span class='ocrx_word' id='word_1_372' title='bbox 722 5162 784 5215; x_wconf 88' lang='grc' dir='ltr'><strong>τὸ</strong></span> <span class='ocrx_word' id='word_1_373' title='bbox 815 5160 994 5230; x_wconf 86' lang='grc' dir='ltr'><strong>πάσης</strong></span> <span class='ocrx_word' id='word_1_374' title='bbox 1015 5159 1115 5231; x_wconf 80' lang='grc' dir='ltr'><strong>τῆς</strong></span> <span class='ocrx_word' id='word_1_375' title='bbox 1138 5157 1463 5228; x_wconf 79' lang='grc' dir='ltr'><strong>οἰκουμένης</strong></span> <span class='ocrx_word' id='word_1_376' title='bbox 1481 5155 1816 5238; x_wconf 61' lang='grc' dir='ltr'><strong>ἐρημότατον</strong></span> 
     </span>
    </p>
   </div>
   <div class='ocr_carea' id='block_1_53' title="bbox 238 5246 1813 5331">
    <p class='ocr_par' dir='ltr' id='par_1_53' title="bbox 238 5246 1813 5331">
     <span class='ocr_line' id='line_1_53' title="bbox 238 5246 1813 5331; baseline -0.009 -19"><span class='ocrx_word' id='word_1_377' title='bbox 238 5255 464 5331; x_wconf 86' lang='grc' dir='ltr'><strong>χωρίον.</strong></span> <span class='ocrx_word' id='word_1_378' title='bbox 502 5256 613 5308; x_wconf 75' lang='grc' dir='ltr'><strong>Καὶ</strong></span> <span class='ocrx_word' id='word_1_379' title='bbox 646 5254 821 5308; x_wconf 78' lang='grc' dir='ltr'><strong>ταῦτα</strong></span> <span class='ocrx_word' id='word_1_380' title='bbox 853 5250 996 5320; x_wconf 83' lang='grc' dir='ltr'><strong>λέγω</strong></span> <span class='ocrx_word' id='word_1_381' title='bbox 1027 5249 1126 5304; x_wconf 91' lang='grc' dir='ltr'><strong>οὐκ</strong></span> <span class='ocrx_word' id='word_1_382' title='bbox 1155 5247 1321 5313; x_wconf 82' lang='grc' dir='ltr'><strong>ἀξιῶν</strong></span> <span class='ocrx_word' id='word_1_383' title='bbox 1350 5246 1635 5318; x_wconf 81' lang='grc' dir='ltr'><strong>ἐνοχλῆσαί</strong></span> <span class='ocrx_word' id='word_1_384' title='bbox 1673 5264 1813 5313; x_wconf 89' lang='grc' dir='ltr'><strong>τινα,</strong></span> 
     </span>
    </p>
   </div>
   <div class='ocr_carea' id='block_1_54' title="bbox 237 5338 1803 5418">
    <p class='ocr_par' dir='ltr' id='par_1_54' title="bbox 237 5338 1803 5418">
     <span class='ocr_line' id='line_1_54' title="bbox 237 5338 1803 5418; baseline -0.009 -12"><span class='ocrx_word' id='word_1_385' title='bbox 237 5351 383 5405; x_wconf 80' lang='grc' dir='ltr'><strong>ὥστε</strong></span> <span class='ocrx_word' id='word_1_386' title='bbox 409 5347 557 5418; x_wconf 78' lang='grc' dir='ltr'><strong>ἡμᾶς</strong></span> <span class='ocrx_word' id='word_1_387' title='bbox 589 5346 925 5417; x_wconf 83' lang='grc' dir='ltr'><strong>μεταστῆσαι</strong></span> <span class='ocrx_word' id='word_1_388' title='bbox 964 5341 1213 5399; x_wconf 80' lang='grc' dir='ltr'><strong>ἐντεῦθεν</strong></span> <span class='ocrx_word' id='word_1_389' title='bbox 1251 5340 1332 5412; x_wconf 85' lang='grc' dir='ltr'><strong>(τὸ</strong></span> <span class='ocrx_word' id='word_1_390' title='bbox 1362 5343 1471 5411; x_wconf 85' lang='grc' dir='ltr'><strong>γὰρ</strong></span> <span class='ocrx_word' id='word_1_391' title='bbox 1502 5338 1803 5410; x_wconf 78' lang='grc' dir='ltr'><strong>χαλεπώται</strong></span> 
     </span>
    </p>
   </div>
   <div class='ocr_carea' id='block_1_55' title="bbox 229 5432 1815 5511">
    <p class='ocr_par' dir='ltr' id='par_1_55' title="bbox 229 5432 1815 5511">
     <span class='ocr_line' id='line_1_55' title="bbox 229 5432 1815 5511; baseline -0.007 -14"><span class='ocrx_word' id='word_1_392' title='bbox 229 5458 328 5497; x_wconf 86' lang='grc' dir='ltr'><strong>τον</strong></span> <span class='ocrx_word' id='word_1_393' title='bbox 375 5437 730 5511; x_wconf 81' lang='grc' dir='ltr'><strong>διηνύσαμεν,</strong></span> <span class='ocrx_word' id='word_1_394' title='bbox 777 5439 875 5504; x_wconf 78' lang='grc' dir='ltr'><strong>τῆς</strong></span> <span class='ocrx_word' id='word_1_395' title='bbox 919 5434 1038 5490; x_wconf 82' lang='grc' dir='ltr'><strong>ὀδοῦ</strong></span> <span class='ocrx_word' id='word_1_396' title='bbox 1094 5435 1193 5504; x_wconf 82' lang='grc' dir='ltr'><strong>τὴν</strong></span> <span class='ocrx_word' id='word_1_397' title='bbox 1234 5432 1653 5504; x_wconf 85' lang='grc' dir='ltr'><strong>ταλαιπωρίαν),</strong></span> <span class='ocrx_word' id='word_1_398' title='bbox 1697 5432 1815 5487; x_wconf 85' lang='grc' dir='ltr'><strong>ἀλλ’</strong></span> 
     </span>
    </p>
   </div>
   <div class='ocr_carea' id='block_1_56' title="bbox 302 5638 943 5716">
    <p class='ocr_par' dir='ltr' id='par_1_56' title="bbox 302 5638 943 5716">
     <span class='ocr_line' id='line_1_56' title="bbox 302 5638 943 5716; baseline -0.011 -9"><span class='ocrx_word' id='word_1_399' title='bbox 302 5638 323 5659; x_wconf 91' lang='grc'><strong>⁸</strong></span> <span class='ocrx_word' id='word_1_400' title='bbox 352 5657 460 5707; x_wconf 83' lang='lat' dir='ltr'><strong>Duo</strong></span> <span class='ocrx_word' id='word_1_401' title='bbox 482 5664 595 5701; x_wconf 78' lang='lat' dir='ltr'><strong>mss.</strong></span> <span class='ocrx_word' id='word_1_402' title='bbox 620 5657 678 5716; x_wconf 68' lang='grc' dir='ltr'><strong>τῇ</strong></span> <span class='ocrx_word' id='word_1_403' title='bbox 699 5650 943 5716; x_wconf 76' lang='grc' dir='ltr'><strong>ἐμμελείᾳ.</strong></span> 
     </span>
    </p>
   </div>
   <div class='ocr_carea' id='block_1_57' title="bbox 290 5715 1698 5781">
    <p class='ocr_par' dir='ltr' id='par_1_57' title="bbox 290 5715 1698 5781">
     <span class='ocr_line' id='line_1_57' title="bbox 290 5715 1698 5781; baseline -0.005 -20"><span class='ocrx_word' id='word_1_404' title='bbox 290 5722 319 5761; x_wconf 77' lang='lat' dir='ltr'><strong>b</strong></span> <span class='ocrx_word' id='word_1_405' title='bbox 346 5718 547 5781; x_wconf 80' lang='lat' dir='ltr'><strong>Coislin.</strong></span> <span class='ocrx_word' id='word_1_406' title='bbox 570 5715 941 5781; x_wconf 60' lang='grc' dir='ltr'><strong>πολυπλασίονα.</strong></span> <span class='ocrx_word' id='word_1_407' title='bbox 1186 5769 1196 5781; x_wconf 42' lang='grc'><strong><em>1</em></strong></span> <span class='ocrx_word' id='word_1_408' title='bbox 1339 5769 1350 5781; x_wconf 46' lang='lat'><strong><em>‘</em></strong></span> <span class='ocrx_word' id='word_1_409' title='bbox 1496 5766 1510 5781; x_wconf 40' lang='lat'><strong><em>’</em></strong></span> <span class='ocrx_word' id='word_1_410' title='bbox 1690 5769 1698 5781; x_wconf 42' lang='grc' dir='ltr'><strong>Ι</strong></span> 
     </span>
    </p>
   </div>
   <div class='ocr_carea' id='block_1_58' title="bbox 290 5769 1717 5833">
    <p class='ocr_par' dir='ltr' id='par_1_58' title="bbox 290 5769 1717 5833">
     <span class='ocr_line' id='line_1_58' title="bbox 290 5769 1717 5833; baseline -0.01 -3"><span class='ocrx_word' id='word_1_411' title='bbox 290 5785 316 5812; x_wconf 66' lang='grc'><strong><em>⁸</em></strong></span> <span class='ocrx_word' id='word_1_412' title='bbox 350 5780 477 5833; x_wconf 69' lang='lat' dir='ltr'><strong>Rea.</strong></span> <span class='ocrx_word' id='word_1_413' title='bbox 513 5776 845 5826; x_wconf 70' lang='grc' dir='ltr'><strong>κινδυνεύσειεν</strong></span> <span class='ocrx_word' id='word_1_414' title='bbox 875 5772 1121 5822; x_wconf 82' lang='grc' dir='ltr'><strong>ἅπαντα...</strong></span> <span class='ocrx_word' id='word_1_415' title='bbox 1148 5769 1307 5832; x_wconf 83' lang='grc' dir='ltr'><strong>νόμοις</strong></span> <span class='ocrx_word' id='word_1_416' title='bbox 1330 5769 1620 5833; x_wconf 73' lang='grc' dir='ltr'><strong>ἀνιχνεύσαις</strong></span> <span class='ocrx_word' id='word_1_417' title='bbox 1640 5769 1717 5816; x_wconf 77' lang='grc' dir='ltr'><strong>τά.</strong></span> 
     </span>
    </p>
   </div>
   <div class='ocr_carea' id='block_1_59' title="bbox 1673 357 2059 415">
    <p class='ocr_par' dir='ltr' id='par_1_59' title="bbox 1673 357 2059 415">
     <span class='ocr_line' id='line_1_59' title="bbox 1673 357 2059 415; baseline -0.013 0"><span class='ocrx_word' id='word_1_418' title='bbox 1673 357 2059 415; x_wconf 59' lang='lat' dir='ltr'><strong>EPISTOLIE.</strong></span> 
     </span>
    </p>
   </div>
   <div class='ocr_carea' id='block_1_60' title="bbox 3377 352 3489 410">
    <p class='ocr_par' dir='ltr' id='par_1_60' title="bbox 3377 352 3489 410">
     <span class='ocr_line' id='line_1_60' title="bbox 3377 352 3489 410; baseline 0.045 -5"><span class='ocrx_word' id='word_1_419' title='bbox 3377 352 3489 410; x_wconf 59' lang='lat'><strong>7&amp;0</strong></span> 
     </span>
    </p>
   </div>
   <div class='ocr_carea' id='block_1_61' title="bbox 1916 465 3480 541">
    <p class='ocr_par' dir='ltr' id='par_1_61' title="bbox 1916 465 3480 541">
     <span class='ocr_line' id='line_1_61' title="bbox 1916 465 3480 541; baseline 0.006 -23"><span class='ocrx_word' id='word_1_420' title='bbox 1916 465 2059 537; x_wconf 82' lang='grc' dir='ltr'><strong>ὑμᾶς</strong></span> <span class='ocrx_word' id='word_1_421' title='bbox 2114 465 2273 537; x_wconf 87' lang='grc' dir='ltr'><strong>χάριν</strong></span> <span class='ocrx_word' id='word_1_422' title='bbox 2324 465 2499 530; x_wconf 83' lang='grc' dir='ltr'><strong>αίτῶ,</strong></span> <span class='ocrx_word' id='word_1_423' title='bbox 2546 466 2607 519; x_wconf 81' lang='grc' dir='ltr'><strong>τὸ</strong></span> <span class='ocrx_word' id='word_1_424' title='bbox 2669 468 2905 538; x_wconf 88' lang='grc' dir='ltr'><strong>συνεχῶς</strong></span> <span class='ocrx_word' id='word_1_425' title='bbox 2950 468 3081 540; x_wconf 80' lang='grc' dir='ltr'><strong>ἡμῖν</strong></span> <span class='ocrx_word' id='word_1_426' title='bbox 3128 469 3480 541; x_wconf 70' lang='grc' dir='ltr'><strong>ἐπιστέλλειν,</strong></span> 
     </span>
    </p>
   </div>
   <div class='ocr_carea' id='block_1_62' title="bbox 1917 557 3483 635">
    <p class='ocr_par' dir='ltr' id='par_1_62' title="bbox 1917 557 3483 635">
     <span class='ocr_line' id='line_1_62' title="bbox 1917 557 3483 635; baseline 0.006 -25"><span class='ocrx_word' id='word_1_427' title='bbox 1917 558 2071 629; x_wconf 82' lang='grc' dir='ltr'><strong>μηδὲ,</strong></span> <span class='ocrx_word' id='word_1_428' title='bbox 2111 557 2299 629; x_wconf 79' lang='grc' dir='ltr'><strong>ἐπειδὴ</strong></span> <span class='ocrx_word' id='word_1_429' title='bbox 2345 559 2677 630; x_wconf 75' lang='grc' dir='ltr'><strong>πορρωτέρω</strong></span> <span class='ocrx_word' id='word_1_430' title='bbox 2712 560 3127 633; x_wconf 83' lang='grc' dir='ltr'><strong>μετῳκίσθημεν</strong></span> <span class='ocrx_word' id='word_1_431' title='bbox 3175 563 3347 635; x_wconf 87' lang='grc' dir='ltr'><strong>ὑμῶν,</strong></span> <span class='ocrx_word' id='word_1_432' title='bbox 3387 567 3483 620; x_wconf 76' lang='grc' dir='ltr'><strong>καὶ</strong></span> 
     </span>
    </p>
   </div>
   <div class='ocr_carea' id='block_1_63' title="bbox 1914 649 3482 724">
    <p class='ocr_par' dir='ltr' id='par_1_63' title="bbox 1914 649 3482 724">
     <span class='ocr_line' id='line_1_63' title="bbox 1914 649 3482 724; baseline 0.007 -23"><span class='ocrx_word' id='word_1_433' title='bbox 1914 649 2117 721; x_wconf 78' lang='grc' dir='ltr'><strong>ταύτης</strong></span> <span class='ocrx_word' id='word_1_434' title='bbox 2167 651 2316 721; x_wconf 81' lang='grc' dir='ltr'><strong>ἡμᾶς</strong></span> <span class='ocrx_word' id='word_1_435' title='bbox 2357 652 2729 722; x_wconf 86' lang='grc' dir='ltr'><strong>ἀποστερῆσαι</strong></span> <span class='ocrx_word' id='word_1_436' title='bbox 2763 652 2863 722; x_wconf 82' lang='grc' dir='ltr'><strong>τῆς</strong></span> <span class='ocrx_word' id='word_1_437' title='bbox 2917 654 3289 724; x_wconf 87' lang='grc' dir='ltr'><strong>παραμυθίας.</strong></span> <span class='ocrx_word' id='word_1_438' title='bbox 3339 658 3482 711; x_wconf 83' lang='grc' dir='ltr'><strong>Ἰστε</strong></span> 
     </span>
    </p>
   </div>
   <div class='ocr_carea' id='block_1_64' title="bbox 1915 740 3488 819">
    <p class='ocr_par' dir='ltr' id='par_1_64' title="bbox 1915 740 3488 819">
     <span class='ocr_line' id='line_1_64' title="bbox 1915 740 3488 819; baseline 0.005 -27"><span class='ocrx_word' id='word_1_439' title='bbox 1915 740 2023 812; x_wconf 84' lang='grc' dir='ltr'><strong>γάρ</strong></span> <span class='ocrx_word' id='word_1_440' title='bbox 2053 742 2154 812; x_wconf 85' lang='grc' dir='ltr'><strong>ὅση</strong></span> <span class='ocrx_word' id='word_1_441' title='bbox 2182 742 2526 813; x_wconf 88' lang='grc' dir='ltr'><strong>παράκλησις</strong></span> <span class='ocrx_word' id='word_1_442' title='bbox 2556 744 2687 813; x_wconf 84' lang='grc' dir='ltr'><strong>ἡμῖν</strong></span> <span class='ocrx_word' id='word_1_443' title='bbox 2706 742 2934 811; x_wconf 88' lang='grc' dir='ltr'><strong>γίνεται,</strong></span> <span class='ocrx_word' id='word_1_444' title='bbox 2961 746 3008 797; x_wconf 84' lang='grc' dir='ltr'><strong>εί</strong></span> <span class='ocrx_word' id='word_1_445' title='bbox 3035 745 3128 798; x_wconf 77' lang='grc' dir='ltr'><strong>καὶ</strong></span> <span class='ocrx_word' id='word_1_446' title='bbox 3154 746 3223 799; x_wconf 90' lang='grc' dir='ltr'><strong>τά</strong></span> <span class='ocrx_word' id='word_1_447' title='bbox 3242 747 3488 819; x_wconf 77' lang='grc' dir='ltr'><strong>ἡμέτερα</strong></span> 
     </span>
    </p>
   </div>
   <div class='ocr_carea' id='block_1_65' title="bbox 1915 826 3483 908">
    <p class='ocr_par' dir='ltr' id='par_1_65' title="bbox 1915 826 3483 908">
     <span class='ocr_line' id='line_1_65' title="bbox 1915 826 3483 908; baseline 0.007 -27"><span class='ocrx_word' id='word_1_448' title='bbox 1915 829 1974 883; x_wconf 82' lang='grc' dir='ltr'><strong>ἐν</strong></span> <span class='ocrx_word' id='word_1_449' title='bbox 2008 826 2181 901; x_wconf 65' lang='grc' dir='ltr'><strong>θλίψει</strong></span> <span class='ocrx_word' id='word_1_450' title='bbox 2211 833 2304 886; x_wconf 75' lang='grc' dir='ltr'><strong>καὶ</strong></span> <span class='ocrx_word' id='word_1_451' title='bbox 2328 832 2663 904; x_wconf 86' lang='grc' dir='ltr'><strong>περιστάσει,</strong></span> <span class='ocrx_word' id='word_1_452' title='bbox 2692 832 2819 887; x_wconf 81' lang='grc' dir='ltr'><strong>ὅταν</strong></span> <span class='ocrx_word' id='word_1_453' title='bbox 2840 834 3123 906; x_wconf 87' lang='grc' dir='ltr'><strong>ἀκούωμεν</strong></span> <span class='ocrx_word' id='word_1_454' title='bbox 3142 835 3211 889; x_wconf 82' lang='grc' dir='ltr'><strong>τά</strong></span> <span class='ocrx_word' id='word_1_455' title='bbox 3236 837 3363 908; x_wconf 76' lang='grc' dir='ltr'><strong>περὶ</strong></span> <span class='ocrx_word' id='word_1_456' title='bbox 3386 839 3483 908; x_wconf 84' lang='grc' dir='ltr'><strong>τῆς</strong></span> 
     </span>
    </p>
   </div>
   <div class='ocr_carea' id='block_1_66' title="bbox 1917 919 3487 999">
    <p class='ocr_par' dir='ltr' id='par_1_66' title="bbox 1917 919 3487 999">
     <span class='ocr_line' id='line_1_66' title="bbox 1917 919 3487 999; baseline 0.005 -28"><span class='ocrx_word' id='word_1_457' title='bbox 1917 919 2106 988; x_wconf 84' lang='grc' dir='ltr'><strong>ὑγείας</strong></span> <span class='ocrx_word' id='word_1_458' title='bbox 2140 921 2293 991; x_wconf 86' lang='grc' dir='ltr'><strong>ὑμῶν</strong></span> <span class='ocrx_word' id='word_1_459' title='bbox 2321 922 2428 974; x_wconf 88' lang='grc' dir='ltr'><strong>τῶν</strong></span> <span class='ocrx_word' id='word_1_460' title='bbox 2457 919 2794 989; x_wconf 86' lang='grc' dir='ltr'><strong>ἀγαπώντων</strong></span> <span class='ocrx_word' id='word_1_461' title='bbox 2834 923 3002 993; x_wconf 81' lang='grc' dir='ltr'><strong>ἡμᾶς,</strong></span> <span class='ocrx_word' id='word_1_462' title='bbox 3036 924 3117 977; x_wconf 84' lang='grc' dir='ltr'><strong>ὅτι</strong></span> <span class='ocrx_word' id='word_1_463' title='bbox 3152 926 3209 977; x_wconf 89' lang='grc' dir='ltr'><strong>ἐν</strong></span> <span class='ocrx_word' id='word_1_464' title='bbox 3254 924 3487 999; x_wconf 72' lang='grc' dir='ltr'><strong>εὐθυμία</strong></span> 
     </span>
    </p>
   </div>
   <div class='ocr_carea' id='block_1_67' title="bbox 1916 1014 3486 1089">
    <p class='ocr_par' dir='ltr' id='par_1_67' title="bbox 1916 1014 3486 1089">
     <span class='ocr_line' id='line_1_67' title="bbox 1916 1014 3486 1089; baseline 0.005 -22"><span class='ocrx_word' id='word_1_465' title='bbox 1916 1014 2010 1067; x_wconf 78' lang='grc' dir='ltr'><strong>καὶ</strong></span> <span class='ocrx_word' id='word_1_466' title='bbox 2050 1014 2208 1086; x_wconf 75' lang='grc' dir='ltr'><strong>ὑγεία</strong></span> <span class='ocrx_word' id='word_1_467' title='bbox 2246 1016 2390 1078; x_wconf 81' lang='grc' dir='ltr'><strong>ἐστὲ,</strong></span> <span class='ocrx_word' id='word_1_468' title='bbox 2435 1016 2529 1068; x_wconf 74' lang='grc' dir='ltr'><strong>καὶ</strong></span> <span class='ocrx_word' id='word_1_469' title='bbox 2569 1015 2724 1088; x_wconf 82' lang='grc' dir='ltr'><strong>ἀδείᾳ</strong></span> <span class='ocrx_word' id='word_1_470' title='bbox 2752 1017 2941 1089; x_wconf 81' lang='grc' dir='ltr'><strong>πολλῇ.</strong></span> <span class='ocrx_word' id='word_1_471' title='bbox 2971 1018 3066 1072; x_wconf 78' lang='lat' dir='ltr'><strong>&quot;Iv‘</strong></span> <span class='ocrx_word' id='word_1_472' title='bbox 3105 1015 3197 1075; x_wconf 82' lang='grc' dir='ltr'><strong>οὖν</strong></span> <span class='ocrx_word' id='word_1_473' title='bbox 3239 1022 3486 1075; x_wconf 84' lang='grc' dir='ltr'><strong>ἐντεῦθεν</strong></span> 
     </span>
    </p>
   </div>
   <div class='ocr_carea' id='block_1_68' title="bbox 1917 1104 3488 1183">
    <p class='ocr_par' dir='ltr' id='par_1_68' title="bbox 1917 1104 3488 1183">
     <span class='ocr_line' id='line_1_68' title="bbox 1917 1104 3488 1183; baseline 0.006 -27"><span class='ocrx_word' id='word_1_474' title='bbox 1917 1104 2117 1175; x_wconf 82' lang='grc' dir='ltr'><strong>πολλῆς</strong></span> <span class='ocrx_word' id='word_1_475' title='bbox 2158 1104 2521 1175; x_wconf 88' lang='grc' dir='ltr'><strong>ἀπολαύωμεν</strong></span> <span class='ocrx_word' id='word_1_476' title='bbox 2550 1107 2650 1176; x_wconf 79' lang='grc' dir='ltr'><strong>τῆς</strong></span> <span class='ocrx_word' id='word_1_477' title='bbox 2692 1107 3050 1178; x_wconf 88' lang='grc' dir='ltr'><strong>εὐφροσύνης,</strong></span> <span class='ocrx_word' id='word_1_478' title='bbox 3099 1111 3277 1183; x_wconf 88' lang='grc' dir='ltr'><strong>γράφε</strong></span> <span class='ocrx_word' id='word_1_479' title='bbox 3315 1111 3488 1166; x_wconf 82' lang='grc' dir='ltr'><strong>ταῦτα</strong></span> 
     </span>
    </p>
   </div>
   <div class='ocr_carea' id='block_1_69' title="bbox 1918 1197 3483 1278">
    <p class='ocr_par' dir='ltr' id='par_1_69' title="bbox 1918 1197 3483 1278">
     <span class='ocr_line' id='line_1_69' title="bbox 1918 1197 3483 1278; baseline 0.015 -42"><span class='ocrx_word' id='word_1_480' title='bbox 1918 1197 2154 1267; x_wconf 77' lang='grc' dir='ltr'><strong>συνεχῶς</strong></span> <span class='ocrx_word' id='word_1_481' title='bbox 2201 1200 2356 1268; x_wconf 75' lang='grc' dir='ltr'><strong>ἡμῖν,</strong></span> <span class='ocrx_word' id='word_1_482' title='bbox 2394 1198 2470 1253; x_wconf 81' lang='grc' dir='ltr'><strong>Οὐ</strong></span> <span class='ocrx_word' id='word_1_483' title='bbox 2512 1199 2621 1270; x_wconf 81' lang='grc' dir='ltr'><strong>γὰρ</strong></span> <span class='ocrx_word' id='word_1_484' title='bbox 2649 1199 2725 1264; x_wconf 88' lang='grc' dir='ltr'><strong>ὡς</strong></span> <span class='ocrx_word' id='word_1_485' title='bbox 2761 1199 2948 1271; x_wconf 77' lang='grc' dir='ltr'><strong>ἔτυχεν</strong></span> <span class='ocrx_word' id='word_1_486' title='bbox 2990 1203 3135 1273; x_wconf 77' lang='grc' dir='ltr'><strong>ἡμᾶς</strong></span> <span class='ocrx_word' id='word_1_487' title='bbox 3168 1204 3483 1278; x_wconf 80' lang='grc' dir='ltr'><strong>ἀνακτήσῃ,</strong></span> 
     </span>
    </p>
   </div>
   <div class='ocr_carea' id='block_1_70' title="bbox 1916 1288 3474 1369">
    <p class='ocr_par' dir='ltr' id='par_1_70' title="bbox 1916 1288 3474 1369">
     <span class='ocr_line' id='line_1_70' title="bbox 1916 1288 3474 1369; baseline 0.008 -29"><span class='ocrx_word' id='word_1_488' title='bbox 1916 1288 2049 1341; x_wconf 86' lang='grc' dir='ltr'><strong>ἀλλά</strong></span> <span class='ocrx_word' id='word_1_489' title='bbox 2078 1289 2277 1360; x_wconf 80' lang='grc' dir='ltr'><strong>πολλῆς</strong></span> <span class='ocrx_word' id='word_1_490' title='bbox 2300 1292 2445 1361; x_wconf 83' lang='grc' dir='ltr'><strong>ἡμᾶς</strong></span> <span class='ocrx_word' id='word_1_491' title='bbox 2465 1309 2539 1344; x_wconf 87' lang='grc' dir='ltr'><strong>πα</strong></span> <span class='ocrx_word' id='word_1_492' title='bbox 2549 1293 3233 1369; x_wconf 25' lang='grc' dir='ltr'><strong>ρασκευάσειςλάπολαῦσαι</strong></span> <span class='ocrx_word' id='word_1_493' title='bbox 3253 1300 3350 1369; x_wconf 80' lang='grc' dir='ltr'><strong>τῆς</strong></span> <span class='ocrx_word' id='word_1_494' title='bbox 3378 1315 3474 1352; x_wconf 92' lang='grc' dir='ltr'><strong>πα-</strong></span> 
     </span>
    </p>
   </div>
   <div class='ocr_carea' id='block_1_71' title="bbox 1918 1365 3486 1462">
    <p class='ocr_par' dir='ltr' id='par_1_71' title="bbox 1918 1365 3486 1462">
     <span class='ocr_line' id='line_1_71' title="bbox 1918 1365 3486 1462; baseline 0.009 -31"><span class='ocrx_word' id='word_1_495' title='bbox 1918 1380 2218 1452; x_wconf 81' lang='grc' dir='ltr'><strong>ραμυθίας’</strong></span> <span class='ocrx_word' id='word_1_496' title='bbox 2248 1383 2343 1436; x_wconf 75' lang='grc' dir='ltr'><strong>καὶ</strong></span> <span class='ocrx_word' id='word_1_497' title='bbox 2375 1383 2484 1453; x_wconf 83' lang='grc' dir='ltr'><strong>γὰρ</strong></span> <span class='ocrx_word' id='word_1_498' title='bbox 2516 1384 2616 1437; x_wconf 91' lang='grc' dir='ltr'><strong>οὐκ</strong></span> <span class='ocrx_word' id='word_1_499' title='bbox 2640 1384 2873 1453; x_wconf 85' lang='grc' dir='ltr'><strong>ἀγνοεῖς,</strong></span> <span class='ocrx_word' id='word_1_500' title='bbox 2904 1365 3054 1453; x_wconf 72' lang='grc' dir='ltr'><strong>ὐπως</strong></span> <span class='ocrx_word' id='word_1_501' title='bbox 3082 1365 3346 1462; x_wconf 77' lang='grc' dir='ltr'><strong>χαίρομεν</strong></span> <span class='ocrx_word' id='word_1_502' title='bbox 3376 1394 3486 1454; x_wconf 86' lang='grc' dir='ltr'><strong>τοῖς</strong></span> 
     </span>
    </p>
   </div>
   <div class='ocr_carea' id='block_1_72' title="bbox 1918 1471 2292 1540">
    <p class='ocr_par' dir='ltr' id='par_1_72' title="bbox 1918 1471 2292 1540">
     <span class='ocr_line' id='line_1_72' title="bbox 1918 1471 2292 1540; baseline 0.011 -17"><span class='ocrx_word' id='word_1_503' title='bbox 1918 1473 2029 1535; x_wconf 90' lang='grc' dir='ltr'><strong>σοῖς</strong></span> <span class='ocrx_word' id='word_1_504' title='bbox 2052 1471 2292 1540; x_wconf 82' lang='grc' dir='ltr'><strong>ἀγαθοῖς.</strong></span> 
     </span>
    </p>
   </div>
   <div class='ocr_carea' id='block_1_73' title="bbox 2074 1651 3274 1722">
    <p class='ocr_par' dir='ltr' id='par_1_73' title="bbox 2074 1651 3274 1722">
     <span class='ocr_line' id='line_1_73' title="bbox 2074 1651 3274 1722; baseline 0.01 -22"><span class='ocrx_word' id='word_1_505' title='bbox 2074 1651 2253 1702; x_wconf 77' lang='grc' dir='ltr'><strong>ΣΛΕ’.</strong></span> <span class='ocrx_word' id='word_1_506' title='bbox 2293 1652 2607 1720; x_wconf 66' lang='grc' dir='ltr'><strong>Πορφυρίῳ</strong></span> <span class='ocrx_word' id='word_1_507' title='bbox 2639 1652 2948 1722; x_wconf 80' lang='grc' dir='ltr'><strong>ἐπισκόπῳ</strong></span> <span class='ocrx_word' id='word_1_508' title='bbox 2986 1655 3205 1712; x_wconf 87' lang='grc' dir='ltr'><strong>Ῥωσοῦ</strong></span> <span class='ocrx_word' id='word_1_509' title='bbox 3225 1655 3274 1711; x_wconf 77' lang='grc' dir='ltr'><strong>ἀ.</strong></span> 
     </span>
    </p>
   </div>
   <div class='ocr_carea' id='block_1_74' title="bbox 1988 1755 3491 1841">
    <p class='ocr_par' dir='ltr' id='par_1_74' title="bbox 1988 1755 3491 1841">
     <span class='ocr_line' id='line_1_74' title="bbox 1988 1755 3491 1841; baseline 0.009 -29"><span class='ocrx_word' id='word_1_510' title='bbox 1988 1755 2120 1813; x_wconf 80' lang='grc' dir='ltr'><strong>Οἶδά</strong></span> <span class='ocrx_word' id='word_1_511' title='bbox 2142 1777 2233 1814; x_wconf 86' lang='grc' dir='ltr'><strong>σου</strong></span> <span class='ocrx_word' id='word_1_512' title='bbox 2263 1762 2361 1833; x_wconf 80' lang='grc' dir='ltr'><strong>τῆς</strong></span> <span class='ocrx_word' id='word_1_513' title='bbox 2384 1764 2602 1834; x_wconf 85' lang='grc' dir='ltr'><strong>ἀγάπης</strong></span> <span class='ocrx_word' id='word_1_514' title='bbox 2620 1763 2681 1820; x_wconf 78' lang='grc' dir='ltr'><strong>τὸ</strong></span> <span class='ocrx_word' id='word_1_515' title='bbox 2706 1768 2952 1840; x_wconf 75' lang='grc' dir='ltr'><strong>στερρὸν,</strong></span> <span class='ocrx_word' id='word_1_516' title='bbox 2988 1769 3048 1822; x_wconf 81' lang='grc' dir='ltr'><strong>τὸ</strong></span> <span class='ocrx_word' id='word_1_517' title='bbox 3072 1769 3491 1841; x_wconf 86' lang='grc' dir='ltr'><strong>ἀπερίτρεπτον,</strong></span> 
     </span>
    </p>
   </div>
   <div class='ocr_carea' id='block_1_75' title="bbox 1921 1851 3492 1930">
    <p class='ocr_par' dir='ltr' id='par_1_75' title="bbox 1921 1851 3492 1930">
     <span class='ocr_line' id='line_1_75' title="bbox 1921 1851 3492 1930; baseline 0.007 -26"><span class='ocrx_word' id='word_1_518' title='bbox 1921 1851 1981 1904; x_wconf 83' lang='grc' dir='ltr'><strong>τὸ</strong></span> <span class='ocrx_word' id='word_1_519' title='bbox 2007 1853 2244 1918; x_wconf 82' lang='grc' dir='ltr'><strong>ἀκλινές,</strong></span> <span class='ocrx_word' id='word_1_520' title='bbox 2271 1854 2366 1907; x_wconf 76' lang='grc' dir='ltr'><strong>καὶ</strong></span> <span class='ocrx_word' id='word_1_521' title='bbox 2396 1855 2470 1918; x_wconf 85' lang='grc' dir='ltr'><strong>ὡς</strong></span> <span class='ocrx_word' id='word_1_522' title='bbox 2486 1856 2711 1927; x_wconf 84' lang='grc' dir='ltr'><strong>οὐδεμία</strong></span> <span class='ocrx_word' id='word_1_523' title='bbox 2736 1860 3076 1930; x_wconf 87' lang='grc' dir='ltr'><strong>πραγμάτων</strong></span> <span class='ocrx_word' id='word_1_524' title='bbox 3103 1852 3358 1917; x_wconf 79' lang='grc' dir='ltr'><strong>δυσκολία</strong></span> <span class='ocrx_word' id='word_1_525' title='bbox 3378 1863 3492 1916; x_wconf 92' lang='grc' dir='ltr'><strong>αὐ-</strong></span> 
     </span>
    </p>
   </div>
   <div class='ocr_carea' id='block_1_76' title="bbox 1916 1944 3488 2027">
    <p class='ocr_par' dir='ltr' id='par_1_76' title="bbox 1916 1944 3488 2027">
     <span class='ocr_line' id='line_1_76' title="bbox 1916 1944 3488 2027; baseline 0.006 -30"><span class='ocrx_word' id='word_1_526' title='bbox 1916 1944 2014 2016; x_wconf 82' lang='grc' dir='ltr'><strong>τὴν</strong></span> <span class='ocrx_word' id='word_1_527' title='bbox 2048 1946 2458 2016; x_wconf 81' lang='grc' dir='ltr'><strong>παρασαλεῦσαι</strong></span> <span class='ocrx_word' id='word_1_528' title='bbox 2493 1947 2699 2002; x_wconf 87' lang='grc' dir='ltr'><strong>δύναιτ’</strong></span> <span class='ocrx_word' id='word_1_529' title='bbox 2726 1951 2792 2004; x_wconf 82' lang='grc' dir='ltr'><strong>ἀν</strong></span> <span class='ocrx_word' id='word_1_530' title='bbox 2812 1967 2828 1982; x_wconf 73' lang='grc' dir='ltr'><strong>ο</strong></span> <span class='ocrx_word' id='word_1_531' title='bbox 2871 1951 3028 2005; x_wconf 82' lang='grc' dir='ltr'><strong>τοῦτο</strong></span> <span class='ocrx_word' id='word_1_532' title='bbox 3054 1953 3143 2008; x_wconf 92' lang='grc' dir='ltr'><strong>διά</strong></span> <span class='ocrx_word' id='word_1_533' title='bbox 3172 1955 3280 2008; x_wconf 90' lang='grc' dir='ltr'><strong>τῶν</strong></span> <span class='ocrx_word' id='word_1_534' title='bbox 3312 1954 3488 2027; x_wconf 77' lang='grc' dir='ltr'><strong>ἔργων</strong></span> 
     </span>
    </p>
   </div>
   <div class='ocr_carea' id='block_1_77' title="bbox 1918 2036 3492 2120">
    <p class='ocr_par' dir='ltr' id='par_1_77' title="bbox 1918 2036 3492 2120">
     <span class='ocr_line' id='line_1_77' title="bbox 1918 2036 3492 2120; baseline 0.008 -31"><span class='ocrx_word' id='word_1_535' title='bbox 1918 2036 2147 2102; x_wconf 79' lang='grc' dir='ltr'><strong>ἔδειξας.</strong></span> <span class='ocrx_word' id='word_1_536' title='bbox 2179 2038 2277 2092; x_wconf 83' lang='grc' dir='ltr'><strong>Διά</strong></span> <span class='ocrx_word' id='word_1_537' title='bbox 2322 2038 2477 2092; x_wconf 80' lang='grc' dir='ltr'><strong>τοῦτο</strong></span> <span class='ocrx_word' id='word_1_538' title='bbox 2514 2040 2609 2093; x_wconf 76' lang='grc' dir='ltr'><strong>καὶ</strong></span> <span class='ocrx_word' id='word_1_539' title='bbox 2651 2042 2836 2112; x_wconf 88' lang='grc' dir='ltr'><strong>ήμεῖς,</strong></span> <span class='ocrx_word' id='word_1_540' title='bbox 2884 2044 3058 2098; x_wconf 88' lang='grc' dir='ltr'><strong>καίτοι</strong></span> <span class='ocrx_word' id='word_1_541' title='bbox 3104 2045 3163 2096; x_wconf 84' lang='grc' dir='ltr'><strong>ἐν</strong></span> <span class='ocrx_word' id='word_1_542' title='bbox 3210 2044 3492 2120; x_wconf 76' lang='grc' dir='ltr'><strong>ἀρρωστία</strong></span> 
     </span>
    </p>
   </div>
   <div class='ocr_carea' id='block_1_78' title="bbox 1920 2129 3491 2207">
    <p class='ocr_par' dir='ltr' id='par_1_78' title="bbox 1920 2129 3491 2207">
     <span class='ocr_line' id='line_1_78' title="bbox 1920 2129 3491 2207; baseline 0.006 -26"><span class='ocrx_word' id='word_1_543' title='bbox 1920 2129 2282 2195; x_wconf 85' lang='grc' dir='ltr'><strong>καθεστῶτες,</strong></span> <span class='ocrx_word' id='word_1_544' title='bbox 2302 2130 2395 2184; x_wconf 82' lang='grc' dir='ltr'><strong>καὶ</strong></span> <span class='ocrx_word' id='word_1_545' title='bbox 2421 2132 2502 2195; x_wconf 88' lang='grc' dir='ltr'><strong>είς</strong></span> <span class='ocrx_word' id='word_1_546' title='bbox 2526 2131 2586 2184; x_wconf 71' lang='grc' dir='ltr'><strong>τὸ</strong></span> <span class='ocrx_word' id='word_1_547' title='bbox 2606 2131 2786 2204; x_wconf 84' lang='grc' dir='ltr'><strong>πάσης</strong></span> <span class='ocrx_word' id='word_1_548' title='bbox 2809 2132 2908 2203; x_wconf 84' lang='grc' dir='ltr'><strong>τῆς</strong></span> <span class='ocrx_word' id='word_1_549' title='bbox 2923 2133 3045 2187; x_wconf 87' lang='grc' dir='ltr'><strong>καθ’</strong></span> <span class='ocrx_word' id='word_1_550' title='bbox 3070 2135 3218 2206; x_wconf 76' lang='grc' dir='ltr'><strong>ἡμᾶς</strong></span> <span class='ocrx_word' id='word_1_551' title='bbox 3235 2136 3491 2207; x_wconf 81' lang='grc' dir='ltr'><strong>οἰκουμέ-</strong></span> 
     </span>
    </p>
   </div>
   <div class='ocr_carea' id='block_1_79' title="bbox 1921 2220 3489 2297">
    <p class='ocr_par' dir='ltr' id='par_1_79' title="bbox 1921 2220 3489 2297">
     <span class='ocr_line' id='line_1_79' title="bbox 1921 2220 3489 2297; baseline 0.007 -25"><span class='ocrx_word' id='word_1_552' title='bbox 1921 2234 2019 2289; x_wconf 86' lang='grc' dir='ltr'><strong>νης</strong></span> <span class='ocrx_word' id='word_1_553' title='bbox 2067 2220 2404 2292; x_wconf 81' lang='grc' dir='ltr'><strong>ἐρημότατον</strong></span> <span class='ocrx_word' id='word_1_554' title='bbox 2435 2221 2633 2292; x_wconf 90' lang='grc' dir='ltr'><strong>χωρίον</strong></span> <span class='ocrx_word' id='word_1_555' title='bbox 2681 2222 3087 2294; x_wconf 83' lang='grc' dir='ltr'><strong>ἀπενεχθέντες,</strong></span> <span class='ocrx_word' id='word_1_556' title='bbox 3119 2226 3216 2297; x_wconf 83' lang='grc' dir='ltr'><strong>τὴν</strong></span> <span class='ocrx_word' id='word_1_557' title='bbox 3251 2227 3489 2283; x_wconf 85' lang='grc' dir='ltr'><strong>Κουκου·</strong></span> 
     </span>
    </p>
   </div>
   <div class='ocr_carea' id='block_1_80' title="bbox 1922 2307 3493 2391">
    <p class='ocr_par' dir='ltr' id='par_1_80' title="bbox 1922 2307 3493 2391">
     <span class='ocr_line' id='line_1_80' title="bbox 1922 2307 3493 2391; baseline 0.008 -31"><span class='ocrx_word' id='word_1_558' title='bbox 1922 2307 2035 2375; x_wconf 73' lang='grc' dir='ltr'><strong>σὺν,</strong></span> <span class='ocrx_word' id='word_1_559' title='bbox 2073 2309 2165 2363; x_wconf 74' lang='grc' dir='ltr'><strong>καὶ</strong></span> <span class='ocrx_word' id='word_1_560' title='bbox 2198 2310 2301 2362; x_wconf 78' lang='grc' dir='ltr'><strong>ὑπὸ</strong></span> <span class='ocrx_word' id='word_1_561' title='bbox 2329 2310 2427 2381; x_wconf 83' lang='grc' dir='ltr'><strong>τῆς</strong></span> <span class='ocrx_word' id='word_1_562' title='bbox 2458 2312 2566 2364; x_wconf 89' lang='grc' dir='ltr'><strong>τῶν</strong></span> <span class='ocrx_word' id='word_1_563' title='bbox 2604 2311 2864 2383; x_wconf 85' lang='grc' dir='ltr'><strong>Ἰσαύρων</strong></span> <span class='ocrx_word' id='word_1_564' title='bbox 2889 2314 3078 2383; x_wconf 85' lang='grc' dir='ltr'><strong>ἐφόδου</strong></span> <span class='ocrx_word' id='word_1_565' title='bbox 3101 2314 3493 2391; x_wconf 85' lang='grc' dir='ltr'><strong>πολιορκούμε-</strong></span> 
     </span>
    </p>
   </div>
   <div class='ocr_carea' id='block_1_81' title="bbox 1923 2399 3490 2479">
    <p class='ocr_par' dir='ltr' id='par_1_81' title="bbox 1923 2399 3490 2479">
     <span class='ocr_line' id='line_1_81' title="bbox 1923 2399 3490 2479; baseline 0.004 -26"><span class='ocrx_word' id='word_1_566' title='bbox 1923 2416 2024 2463; x_wconf 90' lang='grc' dir='ltr'><strong>νοι,</strong></span> <span class='ocrx_word' id='word_1_567' title='bbox 2056 2399 2148 2453; x_wconf 80' lang='grc' dir='ltr'><strong>καὶ</strong></span> <span class='ocrx_word' id='word_1_568' title='bbox 2172 2401 2230 2454; x_wconf 86' lang='grc' dir='ltr'><strong>ἐν</strong></span> <span class='ocrx_word' id='word_1_569' title='bbox 2257 2400 2480 2464; x_wconf 88' lang='grc' dir='ltr'><strong>πολλαῖς</strong></span> <span class='ocrx_word' id='word_1_570' title='bbox 2507 2401 2658 2465; x_wconf 77' lang='grc' dir='ltr'><strong>ὄντες</strong></span> <span class='ocrx_word' id='word_1_571' title='bbox 2675 2403 3051 2472; x_wconf 82' lang='grc' dir='ltr'><strong>περιστάσεσι,</strong></span> <span class='ocrx_word' id='word_1_572' title='bbox 3076 2407 3170 2459; x_wconf 76' lang='grc' dir='ltr'><strong>καὶ</strong></span> <span class='ocrx_word' id='word_1_573' title='bbox 3188 2408 3490 2479; x_wconf 83' lang='grc' dir='ltr'><strong>γράφομεν,</strong></span> 
     </span>
    </p>
   </div>
   <div class='ocr_carea' id='block_1_82' title="bbox 1921 2492 3496 2570">
    <p class='ocr_par' dir='ltr' id='par_1_82' title="bbox 1921 2492 3496 2570">
     <span class='ocr_line' id='line_1_82' title="bbox 1921 2492 3496 2570; baseline 0.006 -26"><span class='ocrx_word' id='word_1_574' title='bbox 1921 2492 2014 2544; x_wconf 69' lang='grc' dir='ltr'><strong>καὶ</strong></span> <span class='ocrx_word' id='word_1_575' title='bbox 2044 2492 2142 2563; x_wconf 85' lang='grc' dir='ltr'><strong>τὴν</strong></span> <span class='ocrx_word' id='word_1_576' title='bbox 2168 2492 2522 2565; x_wconf 83' lang='grc' dir='ltr'><strong>ὀφειλομένην</strong></span> <span class='ocrx_word' id='word_1_577' title='bbox 2554 2493 2878 2564; x_wconf 86' lang='grc' dir='ltr'><strong>ἀποδίδομεν</strong></span> <span class='ocrx_word' id='word_1_578' title='bbox 2918 2495 3217 2567; x_wconf 84' lang='grc' dir='ltr'><strong>πρόσρησιν</strong></span> <span class='ocrx_word' id='word_1_579' title='bbox 3241 2501 3306 2570; x_wconf 79' lang='grc' dir='ltr'><strong>τῇ</strong></span> <span class='ocrx_word' id='word_1_580' title='bbox 3339 2500 3496 2554; x_wconf 85' lang='grc' dir='ltr'><strong>εὐλα-</strong></span> 
     </span>
    </p>
   </div>
   <div class='ocr_carea' id='block_1_83' title="bbox 1850 2583 3493 2665">
    <p class='ocr_par' dir='ltr' id='par_1_83' title="bbox 1850 2583 3493 2665">
     <span class='ocr_line' id='line_1_83' title="bbox 1850 2583 3493 2665; baseline 0.008 -32"><span class='ocrx_word' id='word_1_581' title='bbox 1850 2650 1853 2657; x_wconf 22' lang='grc' dir='ltr'>ί</span> <span class='ocrx_word' id='word_1_582' title='bbox 1922 2583 2044 2655; x_wconf 82' lang='grc' dir='ltr'><strong>ϐείᾳ</strong></span> <span class='ocrx_word' id='word_1_583' title='bbox 2080 2586 2146 2655; x_wconf 81' lang='grc' dir='ltr'><strong>τῇ</strong></span> <span class='ocrx_word' id='word_1_584' title='bbox 2197 2587 2293 2655; x_wconf 85' lang='grc' dir='ltr'><strong>σῇ,</strong></span> <span class='ocrx_word' id='word_1_585' title='bbox 2333 2584 2413 2655; x_wconf 83' lang='grc' dir='ltr'><strong>τῷ</strong></span> <span class='ocrx_word' id='word_1_586' title='bbox 2457 2584 2668 2656; x_wconf 81' lang='grc' dir='ltr'><strong>σώματι</strong></span> <span class='ocrx_word' id='word_1_587' title='bbox 2721 2587 2816 2657; x_wconf 83' lang='grc' dir='ltr'><strong>μὲν</strong></span> <span class='ocrx_word' id='word_1_588' title='bbox 2850 2588 3214 2659; x_wconf 84' lang='grc' dir='ltr'><strong>διεστηκότες,</strong></span> <span class='ocrx_word' id='word_1_589' title='bbox 3250 2594 3316 2662; x_wconf 77' lang='grc' dir='ltr'><strong>τῇ</strong></span> <span class='ocrx_word' id='word_1_590' title='bbox 3348 2592 3493 2665; x_wconf 70' lang='grc' dir='ltr'><strong>ψυχῇ</strong></span> 
     </span>
    </p>
   </div>
   <div class='ocr_carea' id='block_1_84' title="bbox 1920 2672 3496 2751">
    <p class='ocr_par' dir='ltr' id='par_1_84' title="bbox 1920 2672 3496 2751">
     <span class='ocr_line' id='line_1_84' title="bbox 1920 2672 3496 2751; baseline 0.006 -26"><span class='ocrx_word' id='word_1_591' title='bbox 1920 2672 1978 2725; x_wconf 83' lang='grc' dir='ltr'><strong>δὲ</strong></span> <span class='ocrx_word' id='word_1_592' title='bbox 2009 2674 2402 2744; x_wconf 87' lang='grc' dir='ltr'><strong>συνδεδεμένοι,</strong></span> <span class='ocrx_word' id='word_1_593' title='bbox 2437 2676 2533 2728; x_wconf 75' lang='grc' dir='ltr'><strong>καὶ</strong></span> <span class='ocrx_word' id='word_1_594' title='bbox 2560 2675 2821 2746; x_wconf 88' lang='grc' dir='ltr'><strong>μεγίστην</strong></span> <span class='ocrx_word' id='word_1_595' title='bbox 2854 2677 3100 2732; x_wconf 83' lang='grc' dir='ltr'><strong>ἐντεῦθεν</strong></span> <span class='ocrx_word' id='word_1_596' title='bbox 3138 2682 3496 2751; x_wconf 88' lang='grc' dir='ltr'><strong>καρπούμεθα</strong></span> 
     </span>
    </p>
   </div>
   <div class='ocr_carea' id='block_1_85' title="bbox 1920 2766 3497 2841">
    <p class='ocr_par' dir='ltr' id='par_1_85' title="bbox 1920 2766 3497 2841">
     <span class='ocr_line' id='line_1_85' title="bbox 1920 2766 3497 2841; baseline 0.006 -23"><span class='ocrx_word' id='word_1_597' title='bbox 1920 2767 2020 2836; x_wconf 84' lang='grc' dir='ltr'><strong>τὴν</strong></span> <span class='ocrx_word' id='word_1_598' title='bbox 2044 2766 2405 2838; x_wconf 88' lang='grc' dir='ltr'><strong>παράκλησιν.</strong></span> <span class='ocrx_word' id='word_1_599' title='bbox 2441 2768 2504 2820; x_wconf 79' lang='grc' dir='ltr'><strong>Εἰ</strong></span> <span class='ocrx_word' id='word_1_600' title='bbox 2530 2768 2639 2840; x_wconf 84' lang='grc' dir='ltr'><strong>γὰρ</strong></span> <span class='ocrx_word' id='word_1_601' title='bbox 2670 2769 2763 2822; x_wconf 70' lang='grc' dir='ltr'><strong>καὶ</strong></span> <span class='ocrx_word' id='word_1_602' title='bbox 2788 2769 2956 2841; x_wconf 83' lang='grc' dir='ltr'><strong>πολλὴ</strong></span> <span class='ocrx_word' id='word_1_603' title='bbox 2980 2770 3078 2841; x_wconf 81' lang='grc' dir='ltr'><strong>τῆς</strong></span> <span class='ocrx_word' id='word_1_604' title='bbox 3108 2772 3354 2826; x_wconf 82' lang='grc' dir='ltr'><strong>ἐντεῦθεν</strong></span> <span class='ocrx_word' id='word_1_605' title='bbox 3380 2774 3497 2828; x_wconf 91' lang='grc' dir='ltr'><strong>δια-</strong></span> 
     </span>
    </p>
   </div>
   <div class='ocr_carea' id='block_1_86' title="bbox 1921 2856 3498 2931">
    <p class='ocr_par' dir='ltr' id='par_1_86' title="bbox 1921 2856 3498 2931">
     <span class='ocr_line' id='line_1_86' title="bbox 1921 2856 3498 2931; baseline 0.006 -23"><span class='ocrx_word' id='word_1_606' title='bbox 1921 2856 2174 2929; x_wconf 82' lang='grc' dir='ltr'><strong>τριϐῆςή</strong></span> <span class='ocrx_word' id='word_1_607' title='bbox 2209 2856 2485 2919; x_wconf 88' lang='grc' dir='ltr'><strong>δυσκολία,</strong></span> <span class='ocrx_word' id='word_1_608' title='bbox 2537 2857 2651 2911; x_wconf 84' lang='grc' dir='ltr'><strong>ἀλλ’</strong></span> <span class='ocrx_word' id='word_1_609' title='bbox 2685 2858 2742 2912; x_wconf 85' lang='grc' dir='ltr'><strong>ἓν</strong></span> <span class='ocrx_word' id='word_1_610' title='bbox 2778 2860 2936 2915; x_wconf 80' lang='grc' dir='ltr'><strong>τοῦτο</strong></span> <span class='ocrx_word' id='word_1_611' title='bbox 2965 2861 3218 2931; x_wconf 85' lang='grc' dir='ltr'><strong>μέγιστον</strong></span> <span class='ocrx_word' id='word_1_612' title='bbox 3249 2864 3498 2917; x_wconf 82' lang='grc' dir='ltr'><strong>ἐντεῦθεν</strong></span> 
     </span>
    </p>
   </div>
   <div class='ocr_carea' id='block_1_87' title="bbox 1922 2949 3497 3026">
    <p class='ocr_par' dir='ltr' id='par_1_87' title="bbox 1922 2949 3497 3026">
     <span class='ocr_line' id='line_1_87' title="bbox 1922 2949 3497 3026; baseline 0.004 -22"><span class='ocrx_word' id='word_1_613' title='bbox 1922 2950 2305 3022; x_wconf 88' lang='grc' dir='ltr'><strong>καρπούμεθα,</strong></span> <span class='ocrx_word' id='word_1_614' title='bbox 2335 2950 2397 3004; x_wconf 84' lang='grc' dir='ltr'><strong>τὸ</strong></span> <span class='ocrx_word' id='word_1_615' title='bbox 2425 2952 2490 3005; x_wconf 88' lang='grc' dir='ltr'><strong>ἐκ</strong></span> <span class='ocrx_word' id='word_1_616' title='bbox 2516 2952 2769 3019; x_wconf 88' lang='grc' dir='ltr'><strong>γειτόνων</strong></span> <span class='ocrx_word' id='word_1_617' title='bbox 2795 2953 2922 3023; x_wconf 82' lang='grc' dir='ltr'><strong>ὑμῖν</strong></span> <span class='ocrx_word' id='word_1_618' title='bbox 2947 2949 3107 3017; x_wconf 75' lang='grc' dir='ltr'><strong>εἶναι,</strong></span> <span class='ocrx_word' id='word_1_619' title='bbox 3141 2955 3232 3009; x_wconf 75' lang='grc' dir='ltr'><strong>καὶ</strong></span> <span class='ocrx_word' id='word_1_620' title='bbox 3258 2957 3497 3026; x_wconf 88' lang='grc' dir='ltr'><strong>συνεχῶς</strong></span> 
     </span>
    </p>
   </div>
   <div class='ocr_carea' id='block_1_88' title="bbox 1921 3038 3496 3119">
    <p class='ocr_par' dir='ltr' id='par_1_88' title="bbox 1921 3038 3496 3119">
     <span class='ocr_line' id='line_1_88' title="bbox 1921 3038 3496 3119; baseline 0.004 -22"><span class='ocrx_word' id='word_1_621' title='bbox 1921 3043 2204 3109; x_wconf 86' lang='grc' dir='ltr'><strong>δύνασθαι,</strong></span> <span class='ocrx_word' id='word_1_622' title='bbox 2238 3038 2427 3113; x_wconf 78' lang='grc' dir='ltr'><strong>’ὀλίγου</strong></span> <span class='ocrx_word' id='word_1_623' title='bbox 2459 3042 2554 3098; x_wconf 83' lang='grc' dir='ltr'>τοῦ</span> <span class='ocrx_word' id='word_1_624' title='bbox 2595 3045 2763 3115; x_wconf 84' lang='grc' dir='ltr'><strong>μέσου</strong></span> <span class='ocrx_word' id='word_1_625' title='bbox 2791 3046 2890 3116; x_wconf 85' lang='grc' dir='ltr'><strong>τῆς</strong></span> <span class='ocrx_word' id='word_1_626' title='bbox 2922 3046 3044 3100; x_wconf 76' lang='grc' dir='ltr'><strong>ὁδοῦ</strong></span> <span class='ocrx_word' id='word_1_627' title='bbox 3090 3048 3292 3119; x_wconf 89' lang='grc' dir='ltr'><strong>ταύτης</strong></span> <span class='ocrx_word' id='word_1_628' title='bbox 3323 3050 3496 3114; x_wconf 67' lang='grc' dir='ltr'><strong>ὄντος,</strong></span> 
     </span>
    </p>
   </div>
   <div class='ocr_carea' id='block_1_89' title="bbox 1924 3135 3499 3209">
    <p class='ocr_par' dir='ltr' id='par_1_89' title="bbox 1924 3135 3499 3209">
     <span class='ocr_line' id='line_1_89' title="bbox 1924 3135 3499 3209; baseline 0.005 -20"><span class='ocrx_word' id='word_1_629' title='bbox 1924 3136 2020 3189; x_wconf 70' lang='grc' dir='ltr'><strong>καὶ</strong></span> <span class='ocrx_word' id='word_1_630' title='bbox 2070 3135 2405 3189; x_wconf 77' lang='grc' dir='ltr'><strong>ἐπιστέλλειν</strong></span> <span class='ocrx_word' id='word_1_631' title='bbox 2455 3136 2591 3208; x_wconf 87' lang='grc' dir='ltr'><strong>πρὸς</strong></span> <span class='ocrx_word' id='word_1_632' title='bbox 2625 3136 2722 3207; x_wconf 75' lang='grc' dir='ltr'><strong>τὴν</strong></span> <span class='ocrx_word' id='word_1_633' title='bbox 2753 3137 3024 3209; x_wconf 85' lang='grc' dir='ltr'><strong>ὑμετέραν</strong></span> <span class='ocrx_word' id='word_1_634' title='bbox 3064 3140 3368 3206; x_wconf 88' lang='grc' dir='ltr'><strong>εὐλάϐειαν,</strong></span> <span class='ocrx_word' id='word_1_635' title='bbox 3403 3143 3499 3196; x_wconf 68' lang='grc' dir='ltr'><strong>καὶ</strong></span> 
     </span>
    </p>
   </div>
   <div class='ocr_carea' id='block_1_90' title="bbox 1923 3221 3501 3302">
    <p class='ocr_par' dir='ltr' id='par_1_90' title="bbox 1923 3221 3501 3302">
     <span class='ocr_line' id='line_1_90' title="bbox 1923 3221 3501 3302; baseline 0.007 -26"><span class='ocrx_word' id='word_1_636' title='bbox 1923 3221 2173 3293; x_wconf 86' lang='grc' dir='ltr'><strong>δέχεσθαι</strong></span> <span class='ocrx_word' id='word_1_637' title='bbox 2197 3226 2329 3295; x_wconf 77' lang='grc' dir='ltr'><strong>παρ’</strong></span> <span class='ocrx_word' id='word_1_638' title='bbox 2355 3224 2510 3295; x_wconf 88' lang='grc' dir='ltr'><strong>ὑμῶν</strong></span> <span class='ocrx_word' id='word_1_639' title='bbox 2539 3224 2864 3295; x_wconf 85' lang='grc' dir='ltr'><strong>γράμματα.</strong></span> <span class='ocrx_word' id='word_1_640' title='bbox 2893 3228 3002 3281; x_wconf 69' lang='grc' dir='ltr'><strong>Καὶ</strong></span> <span class='ocrx_word' id='word_1_641' title='bbox 3019 3229 3127 3302; x_wconf 82' lang='grc' dir='ltr'><strong>γὰρ</strong></span> <span class='ocrx_word' id='word_1_642' title='bbox 3149 3230 3350 3302; x_wconf 87' lang='grc' dir='ltr'><strong>ταύτης</strong></span> <span class='ocrx_word' id='word_1_643' title='bbox 3374 3233 3501 3286; x_wconf 89' lang='grc' dir='ltr'><strong>ἀπο-</strong></span> 
     </span>
    </p>
   </div>
   <div class='ocr_carea' id='block_1_91' title="bbox 1922 3314 3498 3394">
    <p class='ocr_par' dir='ltr' id='par_1_91' title="bbox 1922 3314 3498 3394">
     <span class='ocr_line' id='line_1_91' title="bbox 1922 3314 3498 3394; baseline 0.005 -26"><span class='ocrx_word' id='word_1_644' title='bbox 1922 3314 2177 3380; x_wconf 89' lang='grc' dir='ltr'><strong>λαύοντες</strong></span> <span class='ocrx_word' id='word_1_645' title='bbox 2199 3316 2298 3386; x_wconf 76' lang='grc' dir='ltr'><strong>τῆς</strong></span> <span class='ocrx_word' id='word_1_646' title='bbox 2320 3316 2514 3388; x_wconf 78' lang='grc' dir='ltr'><strong>ἑορτῆς</strong></span> <span class='ocrx_word' id='word_1_647' title='bbox 2551 3316 2763 3389; x_wconf 80' lang='grc' dir='ltr'><strong>(ἑορτήν</strong></span> <span class='ocrx_word' id='word_1_648' title='bbox 2784 3318 2890 3390; x_wconf 85' lang='grc' dir='ltr'><strong>γὰρ</strong></span> <span class='ocrx_word' id='word_1_649' title='bbox 2926 3318 3036 3388; x_wconf 85' lang='grc' dir='ltr'><strong>ἐγὼ</strong></span> <span class='ocrx_word' id='word_1_650' title='bbox 3063 3320 3221 3375; x_wconf 78' lang='grc' dir='ltr'><strong>τοῦτο</strong></span> <span class='ocrx_word' id='word_1_651' title='bbox 3257 3322 3498 3394; x_wconf 88' lang='grc' dir='ltr'><strong>τίθεμαι,</strong></span> 
     </span>
    </p>
   </div>
   <div class='ocr_carea' id='block_1_92' title="bbox 1923 3408 3500 3485">
    <p class='ocr_par' dir='ltr' id='par_1_92' title="bbox 1923 3408 3500 3485">
     <span class='ocr_line' id='line_1_92' title="bbox 1923 3408 3500 3485; baseline 0.007 -25"><span class='ocrx_word' id='word_1_652' title='bbox 1923 3408 2017 3461; x_wconf 77' lang='grc' dir='ltr'><strong>καὶ</strong></span> <span class='ocrx_word' id='word_1_653' title='bbox 2062 3409 2390 3480; x_wconf 88' lang='grc' dir='ltr'><strong>πανήγυριν,</strong></span> <span class='ocrx_word' id='word_1_654' title='bbox 2444 3412 2539 3464; x_wconf 81' lang='grc' dir='ltr'><strong>καὶ</strong></span> <span class='ocrx_word' id='word_1_655' title='bbox 2575 3410 2778 3482; x_wconf 84' lang='grc' dir='ltr'><strong>πολλῆς</strong></span> <span class='ocrx_word' id='word_1_656' title='bbox 2809 3413 3003 3484; x_wconf 82' lang='grc' dir='ltr'><strong>ἡδονῆς</strong></span> <span class='ocrx_word' id='word_1_657' title='bbox 3047 3415 3346 3485; x_wconf 87' lang='grc' dir='ltr'><strong>ὑπόθεσιν).</strong></span> <span class='ocrx_word' id='word_1_658' title='bbox 3381 3418 3500 3471; x_wconf 86' lang='grc' dir='ltr'><strong>οὐδέ</strong></span> 
     </span>
    </p>
   </div>
   <div class='ocr_carea' id='block_1_93' title="bbox 1925 3500 3500 3579">
    <p class='ocr_par' dir='ltr' id='par_1_93' title="bbox 1925 3500 3500 3579">
     <span class='ocr_line' id='line_1_93' title="bbox 1925 3500 3500 3579; baseline 0.008 -28"><span class='ocrx_word' id='word_1_659' title='bbox 1925 3501 2130 3571; x_wconf 81' lang='grc' dir='ltr'><strong>μικρὰν</strong></span> <span class='ocrx_word' id='word_1_660' title='bbox 2153 3500 2405 3572; x_wconf 75' lang='grc' dir='ltr'><strong>αἴσθησιν</strong></span> <span class='ocrx_word' id='word_1_661' title='bbox 2431 3503 2530 3573; x_wconf 83' lang='grc' dir='ltr'><strong>τῆς</strong></span> <span class='ocrx_word' id='word_1_662' title='bbox 2553 3502 2810 3573; x_wconf 89' lang='grc' dir='ltr'><strong>ἐρημίας,</strong></span> <span class='ocrx_word' id='word_1_663' title='bbox 2833 3505 2928 3558; x_wconf 79' lang='grc' dir='ltr'><strong>καὶ</strong></span> <span class='ocrx_word' id='word_1_664' title='bbox 2952 3505 3045 3559; x_wconf 83' lang='grc' dir='ltr'><strong>τοῦ</strong></span> <span class='ocrx_word' id='word_1_665' title='bbox 3072 3506 3257 3576; x_wconf 84' lang='grc' dir='ltr'><strong>φόϐου,</strong></span> <span class='ocrx_word' id='word_1_666' title='bbox 3285 3508 3500 3579; x_wconf 79' lang='grc' dir='ltr'><strong>καὶτῆς</strong></span> 
     </span>
    </p>
   </div>
   <div class='ocr_carea' id='block_1_94' title="bbox 1922 3591 3163 3663">
    <p class='ocr_par' dir='ltr' id='par_1_94' title="bbox 1922 3591 3163 3663">
     <span class='ocr_line' id='line_1_94' title="bbox 1922 3591 3163 3663; baseline -0.002 -19"><span class='ocrx_word' id='word_1_667' title='bbox 1922 3591 2157 3660; x_wconf 87' lang='grc' dir='ltr'><strong>ἀγωνίας</strong></span> <span class='ocrx_word' id='word_1_668' title='bbox 2187 3591 2489 3663; x_wconf 74' lang='grc' dir='ltr'><strong>ληψόμεθα.</strong></span> <span class='ocrx_word' id='word_1_669' title='bbox 2980 3612 2983 3619; x_wconf 60' lang='grc' dir='ltr'><strong>ν</strong></span> <span class='ocrx_word' id='word_1_670' title='bbox 3158 3636 3163 3641; x_wconf 82' lang='lat'>.</span> 
     </span>
    </p>
   </div>
   <div class='ocr_carea' id='block_1_95' title="bbox 2204 3750 3209 3826">
    <p class='ocr_par' dir='ltr' id='par_1_95' title="bbox 2204 3750 3209 3826">
     <span class='ocr_line' id='line_1_95' title="bbox 2204 3750 3209 3826; baseline 0.006 -20"><span class='ocrx_word' id='word_1_671' title='bbox 2204 3750 2351 3825; x_wconf 67' lang='lat'><strong>[750]</strong></span> <span class='ocrx_word' id='word_1_672' title='bbox 2385 3755 2576 3820; x_wconf 62' lang='lat' dir='ltr'><strong><em>EAG&#39;.</em></strong></span> <span class='ocrx_word' id='word_1_673' title='bbox 2610 3754 2904 3824; x_wconf 81' lang='grc' dir='ltr'><strong>Καρτερὶῳ</strong></span> <span class='ocrx_word' id='word_1_674' title='bbox 2949 3755 3209 3826; x_wconf 70' lang='grc' dir='ltr'><strong>ἡγεμόνι.</strong></span> 
     </span>
    </p>
   </div>
   <div class='ocr_carea' id='block_1_96' title="bbox 2006 3866 3498 3945">
    <p class='ocr_par' dir='ltr' id='par_1_96' title="bbox 2006 3866 3498 3945">
     <span class='ocr_line' id='line_1_96' title="bbox 2006 3866 3498 3945; baseline 0.004 -26"><span class='ocrx_word' id='word_1_675' title='bbox 2006 3866 2373 3938; x_wconf 83' lang='grc' dir='ltr'><strong>Ἐρημότατον</strong></span> <span class='ocrx_word' id='word_1_676' title='bbox 2425 3869 2524 3939; x_wconf 83' lang='grc' dir='ltr'><strong>μὲν</strong></span> <span class='ocrx_word' id='word_1_677' title='bbox 2571 3869 2769 3941; x_wconf 89' lang='grc' dir='ltr'><strong>χωρίον</strong></span> <span class='ocrx_word' id='word_1_678' title='bbox 2801 3870 2921 3940; x_wconf 87' lang='grc' dir='ltr'><strong>μεθ’</strong></span> <span class='ocrx_word' id='word_1_679' title='bbox 2954 3871 3258 3943; x_wconf 80' lang='grc' dir='ltr'><strong>ὑπερϐολῆς</strong></span> <span class='ocrx_word' id='word_1_680' title='bbox 3295 3874 3328 3945; x_wconf 84' lang='grc' dir='ltr'>ἡ</span> <span class='ocrx_word' id='word_1_681' title='bbox 3358 3874 3498 3927; x_wconf 85' lang='grc' dir='ltr'><strong>Κου-</strong></span> 
     </span>
    </p>
   </div>
   <div class='ocr_carea' id='block_1_97' title="bbox 1922 3958 3498 4037">
    <p class='ocr_par' dir='ltr' id='par_1_97' title="bbox 1922 3958 3498 4037">
     <span class='ocr_line' id='line_1_97' title="bbox 1922 3958 3498 4037; baseline 0.006 -27"><span class='ocrx_word' id='word_1_682' title='bbox 1922 3958 2115 4022; x_wconf 88' lang='grc' dir='ltr'><strong>κουσός</strong></span> <span class='ocrx_word' id='word_1_683' title='bbox 2140 3970 2163 3998; x_wconf 79' lang='grc' dir='ltr'><strong>ε</strong></span> <span class='ocrx_word' id='word_1_684' title='bbox 2184 3975 2198 3990; x_wconf 76' lang='grc' dir='ltr'><strong>ο</strong></span> <span class='ocrx_word' id='word_1_685' title='bbox 2236 3959 2374 4030; x_wconf 86' lang='grc' dir='ltr'><strong>πλὴν</strong></span> <span class='ocrx_word' id='word_1_686' title='bbox 2417 3960 2530 4013; x_wconf 81' lang='grc' dir='ltr'><strong>ἀλλ’</strong></span> <span class='ocrx_word' id='word_1_687' title='bbox 2558 3963 2656 4031; x_wconf 86' lang='grc' dir='ltr'><strong>οὐχ</strong></span> <span class='ocrx_word' id='word_1_688' title='bbox 2686 3960 2859 4025; x_wconf 83' lang='grc' dir='ltr'><strong>οὑτως</strong></span> <span class='ocrx_word' id='word_1_689' title='bbox 2891 3964 3037 4033; x_wconf 81' lang='grc' dir='ltr'><strong>ἡμᾶς</strong></span> <span class='ocrx_word' id='word_1_690' title='bbox 3060 3966 3125 4035; x_wconf 79' lang='grc' dir='ltr'><strong>τῇ</strong></span> <span class='ocrx_word' id='word_1_691' title='bbox 3162 3964 3367 4037; x_wconf 78' lang='grc' dir='ltr'><strong>ἐρημίᾳ</strong></span> <span class='ocrx_word' id='word_1_692' title='bbox 3404 3966 3498 4019; x_wconf 90' lang='grc' dir='ltr'><strong>λυ-</strong></span> 
     </span>
    </p>
   </div>
   <div class='ocr_carea' id='block_1_98' title="bbox 1923 4051 3497 4129">
    <p class='ocr_par' dir='ltr' id='par_1_98' title="bbox 1923 4051 3497 4129">
     <span class='ocr_line' id='line_1_98' title="bbox 1923 4051 3497 4129; baseline 0.004 -25"><span class='ocrx_word' id='word_1_693' title='bbox 1923 4053 2033 4116; x_wconf 87' lang='grc' dir='ltr'><strong>πεῖ,</strong></span> <span class='ocrx_word' id='word_1_694' title='bbox 2049 4051 2126 4115; x_wconf 87' lang='grc' dir='ltr'><strong>ὡς</strong></span> <span class='ocrx_word' id='word_1_695' title='bbox 2144 4051 2422 4122; x_wconf 83' lang='grc' dir='ltr'><strong>εὐφραίνει</strong></span> <span class='ocrx_word' id='word_1_696' title='bbox 2442 4056 2508 4124; x_wconf 85' lang='grc' dir='ltr'><strong>τῇ</strong></span> <span class='ocrx_word' id='word_1_697' title='bbox 2537 4054 2757 4125; x_wconf 80' lang='grc' dir='ltr'><strong>ἡσυχίᾳ,</strong></span> <span class='ocrx_word' id='word_1_698' title='bbox 2790 4054 2983 4125; x_wconf 77' lang='grc' dir='ltr'><strong>καὶτῷ</strong></span> <span class='ocrx_word' id='word_1_699' title='bbox 3012 4057 3321 4127; x_wconf 86' lang='grc' dir='ltr'><strong>μηδαμόθεν</strong></span> <span class='ocrx_word' id='word_1_700' title='bbox 3365 4060 3497 4129; x_wconf 84' lang='grc' dir='ltr'><strong>ἡμῖν</strong></span> 
     </span>
    </p>
   </div>
   <div class='ocr_carea' id='block_1_99' title="bbox 1922 4142 3499 4218">
    <p class='ocr_par' dir='ltr' id='par_1_99' title="bbox 1922 4142 3499 4218">
     <span class='ocr_line' id='line_1_99' title="bbox 1922 4142 3499 4218; baseline 0.004 -22"><span class='ocrx_word' id='word_1_701' title='bbox 1922 4142 2223 4214; x_wconf 88' lang='grc' dir='ltr'><strong>πράγματα</strong></span> <span class='ocrx_word' id='word_1_702' title='bbox 2277 4144 2555 4215; x_wconf 85' lang='grc' dir='ltr'><strong>παρέχειν.</strong></span> <span class='ocrx_word' id='word_1_703' title='bbox 2591 4144 2682 4198; x_wconf 85' lang='grc' dir='ltr'><strong>Διὸ</strong></span> <span class='ocrx_word' id='word_1_704' title='bbox 2729 4145 2976 4218; x_wconf 88' lang='grc' dir='ltr'><strong>καθάπερ</strong></span> <span class='ocrx_word' id='word_1_705' title='bbox 3020 4148 3101 4210; x_wconf 83' lang='grc' dir='ltr'><strong>είς</strong></span> <span class='ocrx_word' id='word_1_706' title='bbox 3141 4147 3337 4218; x_wconf 89' lang='grc' dir='ltr'><strong>λιμένα</strong></span> <span class='ocrx_word' id='word_1_707' title='bbox 3375 4150 3499 4205; x_wconf 90' lang='grc' dir='ltr'><strong>τινά</strong></span> 
     </span>
    </p>
   </div>
   <div class='ocr_carea' id='block_1_100' title="bbox 1921 4233 3498 4311">
    <p class='ocr_par' dir='ltr' id='par_1_100' title="bbox 1921 4233 3498 4311">
     <span class='ocr_line' id='line_1_100' title="bbox 1921 4233 3498 4311; baseline 0.004 -22"><span class='ocrx_word' id='word_1_708' title='bbox 1921 4233 2019 4306; x_wconf 78' lang='grc' dir='ltr'><strong>τήν</strong></span> <span class='ocrx_word' id='word_1_709' title='bbox 2057 4235 2294 4306; x_wconf 80' lang='grc' dir='ltr'><strong>ἐρημίαν</strong></span> <span class='ocrx_word' id='word_1_710' title='bbox 2338 4236 2542 4308; x_wconf 86' lang='grc' dir='ltr'><strong>ταύτην</strong></span> <span class='ocrx_word' id='word_1_711' title='bbox 2587 4237 2982 4308; x_wconf 80' lang='grc' dir='ltr'><strong>ἀπηντηκότες,</strong></span> <span class='ocrx_word' id='word_1_712' title='bbox 3029 4237 3172 4293; x_wconf 84' lang='grc' dir='ltr'><strong>οὑτω</strong></span> <span class='ocrx_word' id='word_1_713' title='bbox 3207 4240 3498 4311; x_wconf 83' lang='grc' dir='ltr'><strong>καθήμεθα</strong></span> 
     </span>
    </p>
   </div>
   <div class='ocr_carea' id='block_1_101' title="bbox 1920 4325 3495 4405">
    <p class='ocr_par' dir='ltr' id='par_1_101' title="bbox 1920 4325 3495 4405">
     <span class='ocr_line' id='line_1_101' title="bbox 1920 4325 3495 4405; baseline 0.004 -25"><span class='ocrx_word' id='word_1_714' title='bbox 1920 4326 2030 4380; x_wconf 75' lang='grc' dir='ltr'><strong>ἀπὸ</strong></span> <span class='ocrx_word' id='word_1_715' title='bbox 2057 4325 2166 4379; x_wconf 87' lang='grc' dir='ltr'><strong>τῶν</strong></span> <span class='ocrx_word' id='word_1_716' title='bbox 2198 4326 2339 4380; x_wconf 83' lang='grc' dir='ltr'><strong>κατά</strong></span> <span class='ocrx_word' id='word_1_717' title='bbox 2368 4326 2467 4399; x_wconf 82' lang='grc' dir='ltr'><strong>τὴν</strong></span> <span class='ocrx_word' id='word_1_718' title='bbox 2510 4328 2627 4382; x_wconf 83' lang='grc' dir='ltr'><strong>ὁδὸν</strong></span> <span class='ocrx_word' id='word_1_719' title='bbox 2654 4330 2838 4383; x_wconf 86' lang='grc' dir='ltr'><strong>κακῶν</strong></span> <span class='ocrx_word' id='word_1_720' title='bbox 2877 4330 3254 4397; x_wconf 78' lang='grc' dir='ltr'><strong>ἀναπνέοντες,</strong></span> <span class='ocrx_word' id='word_1_721' title='bbox 3289 4333 3378 4387; x_wconf 83' lang='grc' dir='ltr'><strong>καὶ</strong></span> <span class='ocrx_word' id='word_1_722' title='bbox 3430 4335 3495 4405; x_wconf 78' lang='grc' dir='ltr'><strong>τῇ</strong></span> 
     </span>
    </p>
   </div>
   <div class='ocr_carea' id='block_1_102' title="bbox 1921 4418 3494 4493">
    <p class='ocr_par' dir='ltr' id='par_1_102' title="bbox 1921 4418 3494 4493">
     <span class='ocr_line' id='line_1_102' title="bbox 1921 4418 3494 4493; baseline 0.004 -23"><span class='ocrx_word' id='word_1_723' title='bbox 1921 4418 2123 4490; x_wconf 78' lang='grc' dir='ltr'><strong>ἡσυχίᾳ</strong></span> <span class='ocrx_word' id='word_1_724' title='bbox 2152 4418 2327 4493; x_wconf 82' lang='grc' dir='ltr'><strong>ταύτῃ</strong></span> <span class='ocrx_word' id='word_1_725' title='bbox 2356 4422 2457 4491; x_wconf 83' lang='grc' dir='ltr'><strong>τῆς</strong></span> <span class='ocrx_word' id='word_1_726' title='bbox 2486 4421 2799 4493; x_wconf 76' lang='grc' dir='ltr'><strong>ἀρρωστίας</strong></span> <span class='ocrx_word' id='word_1_727' title='bbox 2830 4422 2924 4475; x_wconf 79' lang='grc' dir='ltr'><strong>καὶ</strong></span> <span class='ocrx_word' id='word_1_728' title='bbox 2954 4422 3064 4475; x_wconf 86' lang='grc' dir='ltr'><strong>τῶν</strong></span> <span class='ocrx_word' id='word_1_729' title='bbox 3086 4422 3260 4477; x_wconf 81' lang='grc' dir='ltr'><strong>ἄλλων</strong></span> <span class='ocrx_word' id='word_1_730' title='bbox 3288 4421 3494 4488; x_wconf 87' lang='grc' dir='ltr'><strong>κακῶν,</strong></span> 
     </span>
    </p>
   </div>
   <div class='ocr_carea' id='block_1_103' title="bbox 1920 4502 3498 4585">
    <p class='ocr_par' dir='ltr' id='par_1_103' title="bbox 1920 4502 3498 4585">
     <span class='ocr_line' id='line_1_103' title="bbox 1920 4502 3498 4585; baseline 0.003 -22"><span class='ocrx_word' id='word_1_731' title='bbox 1920 4502 1995 4563; x_wconf 79' lang='grc' dir='ltr'><strong>ὧν</strong></span> <span class='ocrx_word' id='word_1_732' title='bbox 2032 4509 2425 4581; x_wconf 86' lang='grc' dir='ltr'><strong>ὑπεμείναμεν,</strong></span> <span class='ocrx_word' id='word_1_733' title='bbox 2456 4512 2524 4565; x_wconf 84' lang='grc' dir='ltr'><strong>τὰ</strong></span> <span class='ocrx_word' id='word_1_734' title='bbox 2557 4511 2778 4581; x_wconf 74' lang='grc' dir='ltr'><strong>λείψανα</strong></span> <span class='ocrx_word' id='word_1_735' title='bbox 2802 4512 3155 4585; x_wconf 79' lang='grc' dir='ltr'><strong>διορθοῦντες.</strong></span> <span class='ocrx_word' id='word_1_736' title='bbox 3189 4513 3297 4566; x_wconf 76' lang='grc' dir='ltr'><strong>Καὶ</strong></span> <span class='ocrx_word' id='word_1_737' title='bbox 3325 4513 3498 4567; x_wconf 80' lang='grc' dir='ltr'><strong>ταῦτα</strong></span> 
     </span>
    </p>
   </div>
   <div class='ocr_carea' id='block_1_104' title="bbox 1921 4602 3496 4677">
    <p class='ocr_par' dir='ltr' id='par_1_104' title="bbox 1921 4602 3496 4677">
     <span class='ocr_line' id='line_1_104' title="bbox 1921 4602 3496 4677; baseline 0.004 -24"><span class='ocrx_word' id='word_1_738' title='bbox 1921 4603 2222 4674; x_wconf 78' lang='grc' dir='ltr'><strong>εἰρήκαμεν</strong></span> <span class='ocrx_word' id='word_1_739' title='bbox 2255 4602 2392 4674; x_wconf 85' lang='grc' dir='ltr'><strong>πρὸς</strong></span> <span class='ocrx_word' id='word_1_740' title='bbox 2418 4604 2515 4675; x_wconf 84' lang='grc' dir='ltr'><strong>τὴν</strong></span> <span class='ocrx_word' id='word_1_741' title='bbox 2547 4604 2644 4672; x_wconf 81' lang='grc' dir='ltr'><strong>σὴν</strong></span> <span class='ocrx_word' id='word_1_742' title='bbox 2680 4604 3056 4675; x_wconf 83' lang='grc' dir='ltr'><strong>λαμπρότητα,</strong></span> <span class='ocrx_word' id='word_1_743' title='bbox 3084 4604 3270 4677; x_wconf 83' lang='grc' dir='ltr'><strong>ἐπειδὴ</strong></span> <span class='ocrx_word' id='word_1_744' title='bbox 3294 4605 3496 4677; x_wconf 88' lang='grc' dir='ltr'><strong>σφόδρα</strong></span> 
     </span>
    </p>
   </div>
   <div class='ocr_carea' id='block_1_105' title="bbox 1924 4694 3495 4768">
    <p class='ocr_par' dir='ltr' id='par_1_105' title="bbox 1924 4694 3495 4768">
     <span class='ocr_line' id='line_1_105' title="bbox 1924 4694 3495 4768; baseline 0.006 -23"><span class='ocrx_word' id='word_1_745' title='bbox 1924 4694 2084 4766; x_wconf 72' lang='grc' dir='ltr'><strong>ἴσμεν</strong></span> <span class='ocrx_word' id='word_1_746' title='bbox 2111 4696 2368 4766; x_wconf 85' lang='grc' dir='ltr'><strong>χαίροντά</strong></span> <span class='ocrx_word' id='word_1_747' title='bbox 2401 4713 2460 4749; x_wconf 88' lang='grc' dir='ltr'><strong>σε</strong></span> <span class='ocrx_word' id='word_1_748' title='bbox 2486 4698 2551 4767; x_wconf 80' lang='grc' dir='ltr'><strong>τῇ</strong></span> <span class='ocrx_word' id='word_1_749' title='bbox 2583 4697 2763 4750; x_wconf 86' lang='grc' dir='ltr'><strong>ἀνέσει</strong></span> <span class='ocrx_word' id='word_1_750' title='bbox 2796 4699 2861 4767; x_wconf 85' lang='grc' dir='ltr'><strong>τῇ</strong></span> <span class='ocrx_word' id='word_1_751' title='bbox 2892 4696 3158 4768; x_wconf 78' lang='grc' dir='ltr'><strong>ἡμετέρᾳ,</strong></span> <span class='ocrx_word' id='word_1_752' title='bbox 3189 4697 3309 4751; x_wconf 73' lang='grc' dir='ltr'><strong>ἐπεὶ</strong></span> <span class='ocrx_word' id='word_1_753' title='bbox 3337 4698 3429 4751; x_wconf 81' lang='grc' dir='ltr'><strong>καὶ</strong></span> <span class='ocrx_word' id='word_1_754' title='bbox 3459 4697 3495 4755; x_wconf 77' lang='grc' dir='ltr'>ἃ</span> 
     </span>
    </p>
   </div>
   <div class='ocr_carea' id='block_1_106' title="bbox 1921 4788 3492 4862">
    <p class='ocr_par' dir='ltr' id='par_1_106' title="bbox 1921 4788 3492 4862">
     <span class='ocr_line' id='line_1_106' title="bbox 1921 4788 3492 4862; baseline 0.003 -20"><span class='ocrx_word' id='word_1_755' title='bbox 1921 4788 2110 4842; x_wconf 76' lang='grc' dir='ltr'><strong>αὐτόθι</strong></span> <span class='ocrx_word' id='word_1_756' title='bbox 2157 4789 2462 4861; x_wconf 88' lang='grc' dir='ltr'><strong>πεποίηκας</strong></span> <span class='ocrx_word' id='word_1_757' title='bbox 2506 4789 2762 4844; x_wconf 85' lang='grc' dir='ltr'><strong>οὐδέποτε</strong></span> <span class='ocrx_word' id='word_1_758' title='bbox 2800 4789 3146 4844; x_wconf 81' lang='grc' dir='ltr'><strong>ἐπιλαθέσθαι</strong></span> <span class='ocrx_word' id='word_1_759' title='bbox 3198 4791 3492 4862; x_wconf 88' lang='grc' dir='ltr'><strong>δυνάμεθα,</strong></span> 
     </span>
    </p>
   </div>
   <div class='ocr_carea' id='block_1_107' title="bbox 1920 4880 3494 4949">
    <p class='ocr_par' dir='ltr' id='par_1_107' title="bbox 1920 4880 3494 4949">
     <span class='ocr_line' id='line_1_107' title="bbox 1920 4880 3494 4949; baseline 0.003 -16"><span class='ocrx_word' id='word_1_760' title='bbox 1920 4882 2046 4943; x_wconf 85' lang='grc' dir='ltr'><strong>τοὺς</strong></span> <span class='ocrx_word' id='word_1_761' title='bbox 2083 4883 2372 4944; x_wconf 86' lang='grc' dir='ltr'><strong>προπετεῖς</strong></span> <span class='ocrx_word' id='word_1_762' title='bbox 2413 4880 2653 4944; x_wconf 86' lang='grc' dir='ltr'><strong>ἐκείνους</strong></span> <span class='ocrx_word' id='word_1_763' title='bbox 2692 4880 2784 4935; x_wconf 77' lang='grc' dir='ltr'><strong>καὶ</strong></span> <span class='ocrx_word' id='word_1_764' title='bbox 2811 4881 3123 4949; x_wconf 86' lang='grc' dir='ltr'><strong>ἀλογίστους</strong></span> <span class='ocrx_word' id='word_1_765' title='bbox 3152 4882 3494 4938; x_wconf 84' lang='grc' dir='ltr'><strong>ἀναστέλλων</strong></span> 
     </span>
    </p>
   </div>
   <div class='ocr_carea' id='block_1_108' title="bbox 1922 4971 3495 5048">
    <p class='ocr_par' dir='ltr' id='par_1_108' title="bbox 1922 4971 3495 5048">
     <span class='ocr_line' id='line_1_108' title="bbox 1922 4971 3495 5048; baseline 0.001 -23"><span class='ocrx_word' id='word_1_766' title='bbox 1922 4971 2204 5043; x_wconf 87' lang='grc' dir='ltr'><strong>θορύϐους,</strong></span> <span class='ocrx_word' id='word_1_767' title='bbox 2258 4972 2351 5025; x_wconf 79' lang='grc' dir='ltr'><strong>καὶ</strong></span> <span class='ocrx_word' id='word_1_768' title='bbox 2397 4973 2573 5027; x_wconf 89' lang='grc' dir='ltr'><strong>πάντα</strong></span> <span class='ocrx_word' id='word_1_769' title='bbox 2616 4972 2805 5039; x_wconf 91' lang='grc' dir='ltr'><strong>ποιῶν,</strong></span> <span class='ocrx_word' id='word_1_770' title='bbox 2856 4972 2998 5026; x_wconf 82' lang='grc' dir='ltr'><strong>ὥστε</strong></span> <span class='ocrx_word' id='word_1_771' title='bbox 3056 4976 3204 5045; x_wconf 79' lang='grc' dir='ltr'><strong>ἡμᾶς</strong></span> <span class='ocrx_word' id='word_1_772' title='bbox 3245 4977 3303 5028; x_wconf 88' lang='grc' dir='ltr'><strong>ἐν</strong></span> <span class='ocrx_word' id='word_1_773' title='bbox 3339 4976 3495 5048; x_wconf 71' lang='grc' dir='ltr'><strong>ἀδείᾳ</strong></span> 
     </span>
    </p>
   </div>
   <div class='ocr_carea' id='block_1_109' title="bbox 1921 5064 3494 5139">
    <p class='ocr_par' dir='ltr' id='par_1_109' title="bbox 1921 5064 3494 5139">
     <span class='ocr_line' id='line_1_109' title="bbox 1921 5064 3494 5139; baseline 0.003 -22"><span class='ocrx_word' id='word_1_774' title='bbox 1921 5068 2291 5137; x_wconf 83' lang='grc' dir='ltr'><strong>καταστῆσαι,</strong></span> <span class='ocrx_word' id='word_1_775' title='bbox 2326 5064 2419 5119; x_wconf 75' lang='grc' dir='ltr'><strong>καὶ</strong></span> <span class='ocrx_word' id='word_1_776' title='bbox 2441 5064 2508 5118; x_wconf 87' lang='grc' dir='ltr'><strong>τά</strong></span> <span class='ocrx_word' id='word_1_777' title='bbox 2532 5064 2729 5120; x_wconf 81' lang='grc' dir='ltr'><strong>σαυτοῦ</strong></span> <span class='ocrx_word' id='word_1_778' title='bbox 2754 5064 2994 5136; x_wconf 88' lang='grc' dir='ltr'><strong>πληρῶν.</strong></span> <span class='ocrx_word' id='word_1_779' title='bbox 3026 5067 3135 5120; x_wconf 75' lang='grc' dir='ltr'><strong>Καὶ</strong></span> <span class='ocrx_word' id='word_1_780' title='bbox 3159 5066 3331 5125; x_wconf 75' lang='grc' dir='ltr'><strong>ταῦτα</strong></span> <span class='ocrx_word' id='word_1_781' title='bbox 3357 5067 3494 5139; x_wconf 75' lang='grc' dir='ltr'><strong>πρὸς</strong></span> 
     </span>
    </p>
   </div>
   <div class='ocr_carea' id='block_1_110' title="bbox 1921 5158 3488 5234">
    <p class='ocr_par' dir='ltr' id='par_1_110' title="bbox 1921 5158 3488 5234">
     <span class='ocr_line' id='line_1_110' title="bbox 1921 5158 3488 5234; baseline 0.001 -22"><span class='ocrx_word' id='word_1_782' title='bbox 1921 5158 2166 5223; x_wconf 73' lang='grc' dir='ltr'><strong>ἅπαντας</strong></span> <span class='ocrx_word' id='word_1_783' title='bbox 2218 5160 2461 5232; x_wconf 87' lang='grc' dir='ltr'><strong>ὅπουπερ</strong></span> <span class='ocrx_word' id='word_1_784' title='bbox 2523 5159 2589 5213; x_wconf 84' lang='grc' dir='ltr'><strong>ἂν</strong></span> <span class='ocrx_word' id='word_1_785' title='bbox 2646 5160 2970 5229; x_wconf 86' lang='grc' dir='ltr'><strong>ἀφικώμεθα</strong></span> <span class='ocrx_word' id='word_1_786' title='bbox 3024 5160 3488 5234; x_wconf 83' lang='grc' dir='ltr'><strong>ἀνακηρύττομεν,</strong></span> 
     </span>
    </p>
   </div>
   <div class='ocr_carea' id='block_1_111' title="bbox 1921 5250 3490 5323">
    <p class='ocr_par' dir='ltr' id='par_1_111' title="bbox 1921 5250 3490 5323">
     <span class='ocr_line' id='line_1_111' title="bbox 1921 5250 3490 5323; baseline 0.001 -20"><span class='ocrx_word' id='word_1_787' title='bbox 1921 5250 2125 5314; x_wconf 86' lang='grc' dir='ltr'><strong>πολλάς</strong></span> <span class='ocrx_word' id='word_1_788' title='bbox 2162 5268 2245 5304; x_wconf 91' lang='grc' dir='ltr'><strong>σοι</strong></span> <span class='ocrx_word' id='word_1_789' title='bbox 2278 5252 2504 5322; x_wconf 87' lang='grc' dir='ltr'><strong>χάριτας</strong></span> <span class='ocrx_word' id='word_1_790' title='bbox 2530 5251 2749 5314; x_wconf 79' lang='grc' dir='ltr'><strong>εἰδότες,</strong></span> <span class='ocrx_word' id='word_1_791' title='bbox 2779 5251 3011 5305; x_wconf 87' lang='grc' dir='ltr'><strong>δέσποτά</strong></span> <span class='ocrx_word' id='word_1_792' title='bbox 3047 5269 3147 5322; x_wconf 92' lang='grc' dir='ltr'><strong>μου</strong></span> <span class='ocrx_word' id='word_1_793' title='bbox 3179 5251 3490 5323; x_wconf 86' lang='grc' dir='ltr'><strong>θαυμασιώ-</strong></span> 
     </span>
    </p>
   </div>
   <div class='ocr_carea' id='block_1_112' title="bbox 1917 5343 3492 5417">
    <p class='ocr_par' dir='ltr' id='par_1_112' title="bbox 1917 5343 3492 5417">
     <span class='ocr_line' id='line_1_112' title="bbox 1917 5343 3492 5417; baseline -0.001 -20"><span class='ocrx_word' id='word_1_794' title='bbox 1917 5361 2066 5409; x_wconf 86' lang='grc' dir='ltr'><strong>τατε,</strong></span> <span class='ocrx_word' id='word_1_795' title='bbox 2090 5348 2190 5416; x_wconf 87' lang='grc' dir='ltr'><strong>τῆς</strong></span> <span class='ocrx_word' id='word_1_796' title='bbox 2226 5343 2491 5414; x_wconf 86' lang='grc' dir='ltr'><strong>τοσαύτης</strong></span> <span class='ocrx_word' id='word_1_797' title='bbox 2525 5344 2868 5416; x_wconf 82' lang='grc' dir='ltr'><strong>κηδεμονίας.</strong></span> <span class='ocrx_word' id='word_1_798' title='bbox 2898 5345 3012 5399; x_wconf 84' lang='grc' dir='ltr'><strong>Ἵνα</strong></span> <span class='ocrx_word' id='word_1_799' title='bbox 3044 5344 3100 5398; x_wconf 86' lang='grc' dir='ltr'><strong>δὲ</strong></span> <span class='ocrx_word' id='word_1_800' title='bbox 3140 5344 3214 5417; x_wconf 85' lang='grc' dir='ltr'><strong>μὴ</strong></span> <span class='ocrx_word' id='word_1_801' title='bbox 3239 5344 3395 5416; x_wconf 86' lang='grc' dir='ltr'><strong>μόνον</strong></span> <span class='ocrx_word' id='word_1_802' title='bbox 3427 5345 3492 5396; x_wconf 86' lang='grc' dir='ltr'><strong>ἐκ</strong></span> 
     </span>
    </p>
   </div>
   <div class='ocr_carea' id='block_1_113' title="bbox 1917 5434 3490 5509">
    <p class='ocr_par' dir='ltr' id='par_1_113' title="bbox 1917 5434 3490 5509">
     <span class='ocr_line' id='line_1_113' title="bbox 1917 5434 3490 5509; baseline -0.001 -20"><span class='ocrx_word' id='word_1_803' title='bbox 1917 5435 2011 5489; x_wconf 82' lang='grc' dir='ltr'><strong>τοῦ</strong></span> <span class='ocrx_word' id='word_1_804' title='bbox 2042 5435 2310 5505; x_wconf 88' lang='grc' dir='ltr'><strong>φιλεῖσθαι</strong></span> <span class='ocrx_word' id='word_1_805' title='bbox 2332 5435 2482 5508; x_wconf 85' lang='grc' dir='ltr'><strong>παρά</strong></span> <span class='ocrx_word' id='word_1_806' title='bbox 2511 5434 2626 5499; x_wconf 81' lang='grc' dir='ltr'><strong>σοῦ,</strong></span> <span class='ocrx_word' id='word_1_807' title='bbox 2646 5436 2782 5489; x_wconf 85' lang='grc' dir='ltr'><strong>ἀλλὰ</strong></span> <span class='ocrx_word' id='word_1_808' title='bbox 2810 5437 2901 5491; x_wconf 73' lang='grc' dir='ltr'><strong>καὶ</strong></span> <span class='ocrx_word' id='word_1_809' title='bbox 2928 5438 2991 5490; x_wconf 85' lang='grc' dir='ltr'><strong>ἐκ</strong></span> <span class='ocrx_word' id='word_1_810' title='bbox 3016 5437 3123 5492; x_wconf 86' lang='grc' dir='ltr'><strong>τῶν</strong></span> <span class='ocrx_word' id='word_1_811' title='bbox 3148 5435 3490 5509; x_wconf 84' lang='grc' dir='ltr'><strong>γραμμάτων</strong></span> 
     </span>
    </p>
   </div>
   <div class='ocr_carea' id='block_1_114' title="bbox 1978 5693 3294 5765">
    <p class='ocr_par' dir='ltr' id='par_1_114' title="bbox 1978 5693 3294 5765">
     <span class='ocr_line' id='line_1_114' title="bbox 1978 5693 3294 5765; baseline -0.008 -13"><span class='ocrx_word' id='word_1_812' title='bbox 1978 5708 2003 5749; x_wconf 81' lang='lat' dir='ltr'><strong>d</strong></span> <span class='ocrx_word' id='word_1_813' title='bbox 2033 5700 2181 5765; x_wconf 80' lang='lat' dir='ltr'><strong>_S_avil.</strong></span> <span class='ocrx_word' id='word_1_814' title='bbox 2209 5700 2465 5765; x_wconf 80' lang='grc' dir='ltr'><strong>Πορφυρίῳ</strong></span> <span class='ocrx_word' id='word_1_815' title='bbox 2488 5701 2752 5761; x_wconf 83' lang='grc' dir='ltr'><strong>ἐπισκόπῳ,</strong></span> <span class='ocrx_word' id='word_1_816' title='bbox 2781 5712 2879 5765; x_wconf 75' lang='lat' dir='ltr'><strong>non</strong></span> <span class='ocrx_word' id='word_1_817' title='bbox 2897 5699 3062 5752; x_wconf 64' lang='lat' dir='ltr'><strong>addito</strong></span> <span class='ocrx_word' id='word_1_818' title='bbox 3089 5693 3294 5745; x_wconf 66' lang='grc' dir='ltr'><strong>Ἶνωσοῦ.</strong></span> 
     </span>
    </p>
   </div>
   <div class='ocr_carea' id='block_1_115' title="bbox 1984 5762 2831 5823">
    <p class='ocr_par' dir='ltr' id='par_1_115' title="bbox 1984 5762 2831 5823">
     <span class='ocr_line' id='line_1_115' title="bbox 1984 5762 2831 5823; baseline -0.002 -12"><span class='ocrx_word' id='word_1_819' title='bbox 1984 5785 2006 5811; x_wconf 86' lang='lat' dir='ltr'><strong>e</strong></span> <span class='ocrx_word' id='word_1_820' title='bbox 2034 5762 2185 5813; x_wconf 82' lang='lat' dir='ltr'><strong>Vatic.</strong></span> <span class='ocrx_word' id='word_1_821' title='bbox 2222 5762 2499 5817; x_wconf 71' lang='grc' dir='ltr'><strong>Κοκκουσος</strong></span> <span class='ocrx_word' id='word_1_822' title='bbox 2520 5775 2605 5823; x_wconf 75' lang='lat' dir='ltr'><strong>pro</strong></span> <span class='ocrx_word' id='word_1_823' title='bbox 2628 5773 2782 5810; x_wconf 84' lang='lat' dir='ltr'><strong>more.</strong></span> <span class='ocrx_word' id='word_1_824' title='bbox 2826 5762 2831 5767; x_wconf 83' lang='grc'><strong>’</strong></span> 
     </span>
    </p>
   </div>
  </div>
