3950 6376
494 350 595 406 7H

1155 363 1213 417 S.
1253 365 1532 418 JUANVIS
1569 360 2064 418 CHRYSOSTOMI
2101 359 2421 416 ARCHIEP.
2460 360 3010 417 CONSTANTINOP.

487 462 784 523 ἀπολαύειν
813 467 923 523 τῶν
960 466 1066 524 σῶν
1106 470 1233 540 περὶ
1263 471 1363 540 τῆς
1394 468 1578 537 ύγείας
1602 471 1700 541 τῆς
1729 475 1826 541 σῆς
1852 489 2057 542 σημαι-

3637 359 3743 416 ’142

2167 470 2306 540 μεθα
2331 470 2426 522 καὶ⁵
2452 470 2512 521 ἑν
2534 468 2790 542 ἀλλοτρίᾳ
2817 473 2887 542 γῇ
2915 469 3279 542 διατρίϐοντες
3299 469 3670 544 παράκλησιν,
3691 477 3741 526 εἰ

486 558 688 612 νόντων
721 556 920 629 πολλὴν
945 558 1363 629 καρπωσώμεθα
1396 558 1495 629 τὴν
1525 559 1882 631 εὐφροσύνην,
1915 562 2057 615 δίδου
2164 560 2392 614 τοιαῦτα
2414 559 2719 632 γράμματα
2743 561 3036 632 δεξαίμεθα
3068 562 3219 635 παρὰ
3245 567 3347 636 τῆς
3375 563 3753 638 θαυμασιότητ-

483 648 687 716 ταύτην
724 648 856 718 ἡμῖν
881 647 979 718 τὴν
1013 648 1192 721 χάριν.
1221 649 1297 703 Ού
1327 648 1435 718 γὰρ
1470 647 1570 719 τὴν
1601 651 1869 723 τυχοῦσαν
1913 651 2058 719 δεξό·

487 891 740 906 ῠ--ι--ι

2161 653 2254 715 τός
2288 670 2404 706 σου.

894 1225 975 1285 IN
1017 1225 1424 1286 EPISTOLAS
1461 1224 1800 1297 QUINQUE
1834 1223 2274 1296 SEQUENTES
2309 1225 2759 1286 CONSTANTII
2800 1227 3276 1288 PRESBYTER!

528 1453 587 1508 In
621 1452 766 1509 Edit.
797 1453 987 1517 Morel,
1026 1419 1092 1508 ex
1129 1455 1376 1524 quinque
1411 1454 1767 1523 sequentibus
1809 1457 2051 1524 epistolis

2155 1458 2260 1514 ima
2285 1459 2366 1514 sic
2411 1458 2750 1523 inscribitur,
2780 1461 3147 1531 Κωνσταντίῳ
3189 1463 3549 1534 πρεσϐυτέρῳ
3585 1464 3742 1531 πρὶς

455 1571 558 1642 τὴν
593 1571 828 1643 μητέρα,
865 1583 920 1627 et
955 1572 1034 1627 sic
1060 1571 1224 1626 etiam
1255 1569 1452 1640 legitur
1491 1569 1546 1624 in
1576 1569 1778 1625 Codice
1816 1570 2006 1641 Regio,
2048 1588 2211 1643 quam
2256 1573 2546 1634 lectionem
2597 1590 2665 1629 ex
2714 1574 2916 1630 Codice
2951 1576 3188 1646 quodam
3236 1577 3603 1647 Antverpiano
3628 1593 3746 1633 ex-

456 1700 718 1761 cerptam,
743 1706 989 1747 asserere
1018 1691 1208 1746 nititur
1230 1691 1284 1744 in
1307 1689 1454 1744 notis
1481 1687 1597 1745 suis
1627 1685 1834 1743 Fronto
1867 1688 2130 1756 Ducaaus;
2167 1700 2334 1760 atque
2372 1691 2445 1746 ita
2484 1691 2598 1746 vult
2637 1691 2854 1746 titulum
2898 1690 3162 1764 intelligi,
3195 1700 3255 1748 ut
3292 1693 3751 1765 Chrysostomus

456 1807 798 1872 Constantio,
823 1809 919 1879 qui
945 1807 1100 1863 lateri
1126 1822 1224 1863 suo
1247 1805 1507 1870 haerebat,
1537 1805 1640 1861 has
1670 1804 1932 1875 epistolas
1960 1806 2268 1870 dictaverit,
2305 1805 2373 1861 ad
2408 1813 2634 1862 matrem
2666 1815 2722 1861 et
2755 1805 2822 1860 ad
2858 1821 3104 1862 sororem
3134 1808 3308 1878 ipsius
3327 1807 3639 1864 Constantii
3681 1821 3748 1866 et

457 1918 524 1974 ad
556 1919 762 1974 amicos
786 1919 907 1990 ejus
947 1918 1276 1985 mittendos;
1317 1926 1373 1973 et
1396 1932 1543 1982 vere,
1580 1916 1732 1972 addit
1764 1916 1993 1983 Fronto,
2029 1919 2205 1990 stylus
2225 1917 2678 1990 Chrysostomum
2711 1921 2872 1990 sapit.
2896 1919 2967 1974 At
2989 1919 3228 1976 Savilius
3253 1922 3550 1992 exemplari
3582 1940 3749 1979 usus

457 2031 829 2100 Bongarsiano
852 2031 999 2085 hunc
1030 2031 1246 2086 titulum
1285 2028 1487 2099 posuit,
1523 2028 1906 2084 Κωνσταντίου
1941 2047 2047 2100 πρε

2158 2029 2317 2101 τέρου
2363 2028 2645 2083 ἐπιστολαί
2669 2047 2834 2094 τινες.
2869 2037 2941 2086 α’.
2989 2029 3128 2103 πρὸς
3171 2032 3268 2104 τὴν
3307 2034 3531 2105 μητέρα.
3583 2033 3748 2091 Huic

455 2144 655 2200 accinit
683 2145 867 2216 Codex
889 2143 1191 2199 Vaticanus
1224 2143 1320 2214 qui
1350 2142 1515 2198 habet
1540 2143 1954 2198 Κωνσταντίνου
1986 2160 2051 2214 πρ

2155 2142 2365 2214 ἰυτέρου
2395 2142 2533 2214 πρὸς
2570 2142 2671 2212 τὴν
2700 2144 2917 2217 μητέρα
2954 2164 2968 2200 :
3004 2146 3151 2216 quod
3181 2147 3590 2203 Κωνσταντίνου
3625 2164 3749 2219 pro

455 2257 841 2312 Κωνσταντίου
869 2257 1130 2313 mendose
1157 2258 1425 2326 posuerit,
1455 2258 1592 2312 nihil
1617 2258 1821 2326 negotii
1851 2258 2073 2314 facessit
2106 2275 2121 2312 :
2153 2273 2278 2313 nam
2306 2256 2754 2328 frequentissima
2775 2266 2860 2314 est
2891 2259 2943 2314 in
2969 2261 3358 2333 manuscriptis
3379 2262 3489 2318 haec
3522 2277 3745 2321 vocum

457 2373 838 2430 commutatio.
862 2373 1050 2446 Stylus
1075 2382 1242 2439 certe,
1272 2384 1460 2432 contra
1482 2391 1647 2446 quam
1681 2377 1940 2447 opinatur
1971 2376 2054 2431 vir
2086 2376 2282 2433 doctus
2310 2375 2514 2432 Fronto
2547 2375 2801 2443 Ducaaus,
2828 2392 2859 2432 a
2882 2376 3262 2450 Cbrysostomi
3289 2379 3494 2435 dicendi
3521 2393 3748 2451 genere

475 3051 633 3131 [⁷³η
667 3064 933 3152 ΣΛΖ’.
974 3059 1774 3148 ΚΩΝΣΤΑΝΤΙΟΥ
1828 3059 2618 3147 ΠΡΕΣΒΥΤΕΡΟΥ
2673 3061 2961 3148 ΠΡΟΣ
2999 3063 3230 3149 ΤΗΝ
3259 3065 3749 3154 ΜΗΤΕΡΑ.

541 3714 710 3769 Τοῦτο
743 3714 926 3786 μήτηρ
953 3709 1303 3783 φιλόστοργος
1329 3708 1423 3764 καὶ
1461 3707 1734 3777 φιλόπαις,
1770 3707 1852 3775 τὸ,
1887 3708 2049 3780 ἡνίκα

471 3807 537 3861 ἂν
558 3807 654 3879 δέῃ
680 3822 734 3858 τι
752 3804 860 3857 τῶν
883 3802 1129 3866 δεόντων,
1170 3803 1456 3873 παραινεῖν
1475 3800 1553 3872 τῷ
1579 3801 1750 3864 παιδί,
1778 3799 1873 3854 καὶ
1891 3799 2049 3853 ὲλαύ-

471 3913 585 3950 νειν
621 3894 784 3948 αὑτὸν
820 3893 1050 3958 οἴκοθεν,
1084 3893 1178 3946 καὶ
1207 3893 1397 3964 πράως
1419 3891 1606 3963 φέρειν
1633 3893 1726 3945 τὸν
1748 3891 2046 3963 χωρισμὸν,

473 3988 568 4042 καὶ
605 3988 833 4059 χάριτας
879 3984 1029 4057 αὐτῷ
1089 3984 1290 4050 πολλὰς
1335 3984 1534 4039 εἰδέναι
1578 3985 1676 4054 τῆς
1718 3985 2046 4056 ἀποδημίας.

472 4080 792 4143 Κατέλυσας
818 4077 985 4150 αὐτὴν
1016 4079 1114 4151 τῆς
1146 4077 1360 4147 φύσεως
1391 4077 1490 4150 τὴν
1522 4077 1832 4147 τυραννίδα,
1867 4077 2053 4130 κελεύ-

475 4185 616 4225 σασα
636 4174 785 4244 ήμᾶς
811 4171 1016 4243 ἔρημον
1036 4171 1469 4238 ἀνταλλάξασθαι
1499 4169 1728 4234 πόλεως,
1761 4171 1855 4224 καὶ¹
1887 4169 2052 4240 φόϐον

486 4261 784 4333 Ἰσαυρικὸν
815 4262 1021 4326 ἀδείας,
1065 4260 1274 4314 καὶτὸν
1303 4258 1586 4334 χωρισμὸν
1611 4259 1768 4330 ἡμῶν
1801 4262 1900 4330 τῆς
1929 4277 2054 4313 συν·

471 4351 663 4416 ουσίας
712 4355 813 4424 τῆς
859 4352 979 4424 μεθ’
1023 4352 1198 4424 ὑμῶν,
1241 4350 1382 4404 ὥστε
1433 4350 1598 4422 μηδὲν
1639 4349 2052 4420 ἀναγκασθῆναι

472 4444 700 4516 ποιῆσαι
731 4444 840 4498 τῶν
881 4443 956 4516 μὴ
996 4442 1404 4516 προσηκόντων.
1423 4443 1521 4496 Διά
1541 4441 1715 4496 ταῦτά
1739 4459 1820 4495 σοι
1853 4441 2054 4506 πολλὰς

470 4537 701 4611 χάριτας
723 4536 901 4608 ἴσμεν,
924 4535 1022 4608 οὐχ
1046 4536 1128 4590 ὅτι
1155 4534 1360 4600 ἔτεκες,
1391 4535 1506 4590 ἀλλ’
1527 4533 1610 4588 ὅτι
1634 4533 1807 4598 οὕτως
1831 4532 2054 4605 ἀνέθρε-

469 4632 597 4701 ψας,
635 4633 739 4687 κάν
770 4630 946 4702 τούτῳ
976 4629 1236 4701 γινομένη
1270 4630 1453 4700 μήτηρ
1489 4629 1607 4682 οταν
1648 4627 1892 4698 γίνεσθαι
1921 4627 2049 4698 χρή.

483 4723 572 4786 Ὠς
603 4722 751 4792 αἵγε
783 4721 862 4792 τῷ
893 4721 1054 4775 πάθει
1085 4719 1676 4792 καταμαλακιζόμεναι,
1708 4722 1802 4774 κα)⁹
1826 4719 1933 4791 πρὸ
1957 4718 2051 4772 τοῦ

475 4812 849 4883 συμφέροντος
874 4812 984 4866 τῶν
1014 4811 1220 4866 παίδων
1247 4811 1345 4882 τὴν
1375 4811 1676 4883 παρουσίαν
1713 4811 1892 4865 αὐτῶν
1931 4811 2053 4862 ἐπι-

472 4901 756 4972 ζητοῦσαι,
801 4904 863 4956 οὐ
897 4903 1150 4974 μητέρες,
1189 4901 1325 4956 ἀλλά
1356 4901 1693 4955 παιδοκτόνοι
1725 4900 1949 4964 δικαίως
1985 4899 2052 4953 ἂν

473 4993 744 5064 κληθεῖεν.
789 4993 929 5049 Ἀλλ’
959 4995 1147 5067 ὥσπερ
1173 4993 1406 5049 ἐνταῦθα
1437 4994 1656 5065 ἀνδρεία
1686 4993 1938 5062 γέγονας,
1956 4993 2053 5047 καλ⁵

474 5086 694 5158 σιδήρου
735 5087 1082 5159 στερροτέρα,
1118 5089 1324 5157 ἄφατον
1351 5085 1504 5157 παρὰ
1533 5085 1628 5138 τοῦ
1670 5083 2049 5157 φιλανθρώπου

471 5175 609 5232 Θεοῦ
644 5175 732 5230 διὰ
766 5180 866 5248 τῆς
899 5177 1123 5250 γνώμης
1153 5178 1357 5250 ταύτης
1386 5178 1805 5251 προαποθεμένη
1847 5195 1929 5231 σοι
1960 5177 2052 5232 τὸν

391 5326 412 5344 ,
476 5268 687 5340 μισθὸν,
711 5267 853 5321 οὕτω
881 5269 1322 5340 παρακαλοῦμεν,
1355 5270 1448 5324 καί
1482 5286 1574 5323 σου
1603 5269 1836 5340 δεόμεθα
1868 5271 1964 5323 καὶ
1993 5270 2051 5323 ὲν

472 5365 583 5425 τοῖς
607 5360 786 5425 ἄλλοις
807 5359 977 5414 ἅπασι
1000 5361 1096 5432 τὴν
1117 5360 1285 5432 αὐτὴν
1310 5361 1679 5427 ἐπιδείξασθαι
1709 5361 2047 5431 φιλοσοφίαν,

473 5455 569 5509 καὶ
595 5451 792 5506 ειδέναι
821 5453 903 5506 ὅτι
929 5450 1026 5522 μία
1056 5453 1172 5506 ἐστὶ
1199 5453 1476 5525 συμφορὰ,
1502 5454 1744 5524 ἁμαρτία
1775 5455 1954 5525 μόνον,
1982 5454 2053 5508 τὰ

471 5543 528 5597 δὲ
550 5541 688 5597 ἄλλα
715 5542 895 5596 πάντα
933 5539 1122 5612 μῦθος,
1155 5542 1484 5608 δυναστεῖαι,
1522 5544 1615 5597 καὶ
1647 5544 1815 5611 δόξαι,
1849 5545 1943 5597 καὶ
1970 5561 2051 5599 τι-

477 5636 597 5705 μαὶ,
636 5636 691 5687 αί
735 5633 887 5706 παρά
924 5633 1246 5704 ἀνθρώπων.
1290 5636 1399 5689 Καὶ
1435 5638 1467 5707 ή
1525 5635 1658 5706 πρὸς
1699 5636 1790 5690 τὸν
1827 5636 2051 5708 οὐρανὸν

475 5727 683 5794 ἄγουσα
704 5726 840 5791 ὁδὸς,
871 5724 1007 5796 αῦτη
1045 5725 1278 5796 μάλιστα
1322 5728 1356 5799 ἡ
1395 5727 1483 5781 διά
1509 5727 1618 5781 τῶν
1646 5728 1880 5799 θλίψεών
1911 5730 2048 5783 ἐστι.

478 5824 514 5870 Δ
524 5817 581 5871 ιὰ
593 5817 700 5890 γὰρ
713 5816 956 5873 πολλῶν
974 5818 1238 5888 θλίψεων
1254 5819 1348 5874 δεῖ
1357 5817 1514 5890 ἡμᾶς
1529 5820 1846 5888 εἰσελθεῖν,
1863 5821 2047 5894 φησίν,

2148 3711 2238 3776 είς
2259 3709 2374 3778 τὴν
2401 3709 2731 3774 ,ϐασιλείαν
2760 3709 2865 3764 τοῦ
2882 3709 3053 3768 Θεοῦ.
3069 3708 3178 3766 Καὶ
3205 3707 3399 3772 πάντες
3424 3709 3480 3761 δὲ
3504 3709 3554 3761 oi
3577 3712 3748 3776 ἅγιοι,

2149 3802 2204 3855 οῖ
2229 3819 2288 3855 τε
2308 3803 2365 3856 ὲν
2381 3803 2446 3872 τῇ
2466 3801 2700 3872 Παλαιᾷ,
2726 3801 2855 3855 οἵτε
2871 3801 2929 3853 ὲν
2948 3802 3016 3871 τῇ
3043 3801 3244 3871 Καινῇ,
3266 3800 3472 3871 ταύτην
3502 3800 3751 3854 ὥδευσαν

2149 3893 2249 3964 τὴν
2275 3892 2415 3958 ὁδὸν,
2450 3893 2920 3964 ἐπιϐουλευόμενοι
2953 3892 3211 3963 συνεχῶς,
3237 3893 3608 3964 ἐλαυνόμενοι,
3641 3912 3752 3962 φυς

2151 3984 2316 4054 γάδες
2357 3985 2452 4038 καὶ
2503 3986 2836 4056 μετανάσται
2896 3984 3194 4056 γινόμενοι,
3234 3984 3505 4048 ἀπόλιδες,
3541 3986 3746 4047 ἄοικοι,

2153 4075 2418 4140 θανάτους
2445 4075 2659 4148 ἀώρους
2687 4076 3073 4146 ὑπομένοντες,
3104 4076 3201 4129 καὶ
3238 4075 3365 4147 παρ’
3398 4069 3473 4128 ὧν
3505 4076 3749 4146 μάλιστα

2152 4166 2403 4238 οὐδαμῶς
2448 4168 2636 4239 ἐχρῆν.
2681 4168 2746 4221 Τί
2789 4167 2899 4240 γὰρ
2936 4168 3342 4240 ὀδυνηρότερον,
3393 4168 3516 4221 εἰπέ
3555 4185 3666 4238 μοι,
3708 4168 3745 4239 ἦ

2153 4261 2532 4336 χαλεπώτερον
2569 4262 2662 4316 τοῦ
2694 4263 2845 4335 παρὰ
2875 4259 3055 4326 δεξιᾶς
3085 4263 3379 4333 ἀδελφικῆς
3405 4261 3748 4333 κατενεχθῆ-

2152 4374 2262 4419 ναι,
2303 4355 2396 4410 καὶ⁸
2433 4353 2610 4426 ἄωρον
2644 4355 2737 4408 καὶ
2767 4354 2936 4426 βίαιον
2966 4355 3259 4425 ὑπομεῖναι
3288 4354 3564 4426 τελευτὴν,
3603 4355 3747 4426 μετά

2158 4447 2453 4515 στεφάνους
2482 4447 2576 4498 καὶ
2612 4445 2960 4515 εὐδοκίμησιν
2988 4444 3294 4513 τοσαύτην;
3327 4445 3381 4498 τί
3410 4445 3466 4498 δὲ
3494 4445 3747 4516 ὀδυνηρό-

2152 4555 2330 4609 τερον,
2355 4538 2450 4591 καὶ
2478 4537 2638 4605 μόνον
2671 4536 2764 4588 καὶ
2787 4537 2844 4589 ἐν
2881 4535 3095 4606 ἐσχάτῳ
3123 4535 3341 4590 δοθέντα
3369 4538 3519 4608 γήρᾳ
3551 4537 3744 4592 κελευ·

2157 4627 2348 4700 σθῆναι
2376 4626 2708 4696 σφάττεσθαι
2733 4624 2837 4678 ὑπὸ
2859 4627 3131 4695 πατρικῆς
3152 4623 3352 4695 χειρὸς,
3379 4624 3474 4676 καὶ
3507 4617 3744 4692 τὺν“γενο

2153 4719 2460 4790 νησάμενον
2493 4717 2737 4772 διάκονον
2765 4715 3019 4784 γενέσθαι
3051 4719 3152 4788 τῆς
3188 4714 3449 4786 τοιαύτης
3486 4719 3745 4788 σφαγῆς-ς

2153 4810 2248 4881 Μὴ
2271 4810 2381 4882 γάρ
2414 4828 2503 4881 μοι
2527 4809 2685 4864 τοῦτο
2705 4807 2851 4876 λέγε,
2877 4810 2959 4863 ὅτι
2985 4810 3120 4879 μετά
3142 4808 3315 4862 ταῦτα
3339 4809 3620 4862 ἀπέλαϐεν
3648 4811 3740 4864 αύ-

2153 4905 2247 4958 τὸν
2276 4907 2403 4976 ὑγιῆ
2434 4904 2527 4957 καὶ
2552 4904 2709 4957 σῶον.
2732 4902 2901 4958 Οὐδὲν
2928 4902 3038 4972 γὰρ
3059 4902 3261 4955 τούτων
3291 4901 3447 4966 εἰδὼς
3476 4903 3507 4954 ό
3535 4902 3736 4964 δίκαιος

2157 4996 2383 5058 ἐκεῖνος,
2417 4993 2533 5048 ἀλλ’
2562 4994 2645 5048 ὃτι
2688 4993 2905 5056 πάντως
2942 4992 3104 5046 αὑτὸν
3125 4993 3430 5062 ἀναιρήσει,
3469 4990 3621 5046 οὕτω
3654 4992 3733 5046 καὶ

2154 5087 2432 5158 ἀνήγαγεν
2449 5085 2528 5149 είς
2555 5085 2614 5138 τὸ
2632 5083 2778 5156 ὅρος,
2797 5085 2892 5138 καὶ
2905 5084 2967 5137 τὸ
2991 5084 3374 5154 θυσιαστήριον
3392 5083 3738 5154 ᾠκοδόμησε,

2157 5180 2252 5232 καὶ
2280 5176 2352 5231 τὰ
2379 5175 2512 5244 ξύλα
2537 5177 2794 5250 ἐπέθηκε,
2830 5177 2923 5230 καὶ
2957 5177 3058 5247 τὴν
3085 5175 3358 5246 μάχαιραν
3379 5177 3624 5246 ἥρπασε,
3651 5177 3738 5230 καὶ

2157 5269 2218 5324 τὺ
2249 5269 2402 5339 ξίφος
2427 5268 2668 5340 διήλασε·
2698 5269 2791 5322 καὶ
2821 5267 2929 5340 γὰρ
2955 5268 3050 5321 καὶ
3073 5267 3314 5338 διήλασε.
3347 5267 3411 5320 τό
3441 5283 3505 5335 γε
3536 5269 3619 5331 εἰς
3645 5268 3739 5338 τὴν

2158 5359 2323 5415 αὐτοῦ
2351 5359 2577 5430 γνώμην
2618 5355 2772 5430 ἧκον*
2802 5359 2881 5412 διὸ
2911 5359 3005 5413 καὶ
3044 5359 3319 5429 πανταχοῦ
3357 5362 3456 5430 τῆς
3488 5359 3736 5429 οἰκουμέ-

2159 5453 2489 5526 νης-ᾄδεται.
2509 5453 2606 5505 Ἂν
2632 5453 2689 5506 δὲ
2719 5451 2808 5506 τὸν
2837 5451 3057 5521 ἔκγονον
3090 5451 3228 5504 εἴπω
3262 5455 3356 5504 τὸν
3379 5451 3615 5514 ἐκείνου,
3647 5450 3736 5503 καὶ

2158 5549 2318 5602 αὑτὸν
2356 5547 2474 5618 ὕψει
2508 5547 2612 5599 ὑπὸ
2657 5546 2949 5617 ἀδώφικῆς
2983 5545 3279 5617 βασκανίας
3320 5546 3484 5600 πάλιν
3525 5545 3735 5615 φυγάδα

2159 5640 2254 5693 καὶ
2307 5639 2498 5694 ἄπολιν
2532 5639 2845 5710 γενόμενον,
2889 5639 2983 5692 καὶ
3019 5637 3224 5701 δοῦλον,
3261 5638 3355 5690 καὶ
3387 5638 3448 5692 ὲν
3481 5637 3734 5706 ἀλλοτρίᾳ

2159 5730 2478 5800 θητεύοντα,
2520 5730 2616 5784 καὶ
2642 5727 2736 5785 τὸν
2769 5729 2896 5799 περὶ
2924 5729 3032 5782 τῶν
3057 5729 3302 5798 ἐσχάτων
3333 5727 3602 5781 δεδοικότα
3640 5725 3732 5793 φό-

2159 5824 2272 5878 ϐον.
2316 5825 2414 5878 Ἂν
2450 5823 2504 5875 δὲ
2550 5822 2640 5876 τὸν
2688 5822 2884 5894 Ἰωσὴφ
2931 5821 3021 5875 τὸν
3066 5818 3360 5891 πραθέντα,
3395 5821 3482 5874 τὸν
3519 5816 3725 5873 δουλεύ-
