3950 6380
258 405 305 459 ’7
318 405 374 460 Η

266 518 446 571 solum
475 532 537 572 ex
561 531 648 584 eo,
674 522 813 587 quod
836 534 1076 575 amemur
1099 537 1126 574 a
1156 531 1228 587 te,
1256 521 1349 577 sed
1375 521 1536 578 etiam
1563 521 1705 593 quod
1735 523 1855 578 lite-

265 609 346 663 ris
377 608 481 664 tuis
517 609 785 676 fruamur,
813 627 934 680 quae
965 613 1120 667 nobis
1150 613 1468 670 valetudinis
1509 624 1614 670 tuae.
1653 624 1852 674 statum

263 712 563 770 exponant,
589 702 766 757 lmtitia
780 702 1111 775 efficiamur,
1137 706 1274 763 banc
1299 706 1454 763 nobis
1474 709 1710 767 concede
1729 726 1854 772 ara-

1715 399 2088 458 EPISTULAZ.

3434 391 3540 449 74?.

1960 523 2111 579 tiam.
2142 522 2257 580 Non
2287 524 2428 578 enim
2460 523 2664 592 vulgari
2692 520 2885 575 solatio
2906 515 3247 589 quantumvis
3277 515 3329 570 in
3362 524 3544 572 extera

1960 616 2176 685 regione
2223 616 2482 686 degentes
2530 615 2858 678 reficiemur,
2885 612 2928 665 si
2981 610 3049 662 ab
3092 608 3413 666 excellentia
3458 615 3544 661 tua

1959 705 2150 761 missas
2179 706 2440 774 ejusmodi
2472 707 2677 762 litteras
2694 700 3080 773 acceperimus.

1733 1355 2105 1416 MONITUM.

285 1583 459 1652 longe
497 1581 756 1646 deﬂectit,
793 1593 853 1639 ut
892 1588 1140 1658 quisquis
1160 1588 1535 1660 Cbrysostomi
1569 1589 1836 1659 Epistolas
1860 1593 2070 1663 legerit,
2095 1594 2276 1649 statim
2306 1591 2716 1648 animadvertet.
2744 1589 2842 1642 llic
2879 1588 3229 1644 Constantius
3265 1583 3538 1656 presbyter

294 1694 670 1752 Antiochenus
709 1713 771 1752 ex
804 1701 1088 1770 prtecipuis
1127 1710 1246 1756 erat
1287 1701 1513 1758 Joannis
1542 1704 1912 1776 Cbrysostonii
1953 1710 2167 1772 amicis,
2211 1716 2265 1763 et
2307 1724 2338 1764 a
2383 1709 2616 1763 scelesto
2667 1706 2759 1759 illo
2802 1677 3124 1776 Porphyrio,
3168 1705 3261 1772 qui
3302 1703 3542 1773 indignis

292 1808 480 1864 modis
508 1811 900 1867 Antiochenam
935 1815 1117 1869 sedem
1159 1816 1456 1881 invaserat,
1486 1819 1673 1873 multis
1698 1819 1923 1874 affectus
1963 1823 2244 1884 aerumnis,
2283 1820 2738 1890 Cbrysostomum
2783 1828 2915 1872 tunc
2950 1817 3150 1872 Cucusi
3199 1815 3540 1870 exsulantem

294 1924 527 1993 adierat,
561 1927 788 1997 ejusque
816 1928 969 1983 lateri
1001 1929 1258 1996 haerebat,
1295 1941 1354 1984 ut
1387 1933 1531 1988 circa
1567 1932 1726 1986 tinem
1765 1935 2044 2002 sequentis
2078 1934 2320 2002 epistola:
2347 1934 2549 1988 indicat
2577 1950 2589 1985 :
2625 1931 2737 1984 Nos
2769 1931 2908 1984 enim
2946 1930 3031 1983 hic
3058 1929 3226 1982 multa
3267 1927 3531 1994 voluptate

294 2041 687 2111 perfundimur,
725 2043 851 2098 dum
881 2049 1201 2103 sanctissimi
1230 2052 1457 2120 episcopi
1485 2053 1878 2119 consuetudine,
1920 2069 1982 2107 ac
2017 2052 2122 2107 loci
2167 2053 2325 2122 hujus
2370 2054 2541 2123 quiete
2581 2052 2788 2122 otioque
2821 2065 3027 2104 summa
3054 2048 3395 2102 oblectamur.
3423 2045 3541 2099 Non

294 2155 728 2226 abre-opinatur
766 2157 1142 2217 Tillemontius
1175 2163 1460 2231 epistolam
1491 2165 1560 2219 ad
1595 2166 1915 2236 episcopum
1949 2167 2352 2223 Antiochenum
2395 2166 2625 2238 (scilicet
2658 2163 3068 2234 Porphyrium),
3109 2177 3232 2232 quae
3265 2169 3348 2216 est
3378 2174 3541 2228 supra

297 2286 456 2325 num.
477 2272 602 2336 255,
631 2288 751 2329 esse
775 2291 888 2361 non
919 2274 1144 2333 Joannis
1174 2278 1574 2350 Cbrysostomi,
1599 2280 1758 2350 cujus
1785 2289 1967 2335 tamen
1992 2295 2190 2335 nomen
2224 2295 2336 2351 prae
2373 2295 2433 2334 se
2473 2278 2598 2343 fert,
2667 2277 2761 2332 sed
2797 2275 3040 2346 ejusdem
3082 2270 3387 2327 Constantii
3425 2285 3550 2334 pre-

294 2388 508 2459 sbyteri
533 2407 547 2444 :
578 2405 704 2444 nam
730 2391 1022 2447 et'dicendi
1046 2396 1204 2460 ratio,
1227 2397 1440 2451 etiamsi
1473 2413 1580 2452 non
1603 2397 1900 2466 inelegans,
1926 2406 1980 2453 et
2007 2413 2097 2454 res
2124 2397 2253 2467 ipsa;
2290 2412 2412 2468 quae
2449 2397 2727 2462 dicuntur,
2757 2392 3140 2458 Constantium
3165 2391 3548 2460 presbyterum

295 2508 479 2581 magis
506 2509 768 2579 referunt,
808 2527 972 2584 qua
999 2514 1472 2585 Cbrysostomum.

917 2835 3544 2872 Μ

419 3243 1056 3331 CCXXXVII.
1140 3243 1834 3330 CONSTANTII
1909 3245 2632 3331 PRESBYTERI
2712 3248 2862 3330 AD
2943 3244 3481 3332 MATREM.

1814 3435 2079 3487 catae-stes

372 3579 484 3636 Hoc
519 3577 732 3634 demum
773 3587 855 3634 est
895 3595 1077 3634 veram
1121 3594 1240 3635 esse
1265 3587 1491 3635 matrem
1516 3621 1530 3644 ,
1581 3594 1644 3634 ac
1688 3579 1883 3635 liberes

290 3673 569 3735 adamare,
620 3685 812 3740 nempe
837 3686 958 3725 cum
987 3670 1217 3726 defuerit
1245 3670 1514 3741 quidpiam
1552 3685 1735 3725 eorum
1767 3685 1886 3740 qua:

294 3762 603 3816 necessaria
635 3771 779 3828 sunt,
830 3762 995 3817 filium
1027 3777 1277 3829 monere,
1327 3762 1592 3832 domoque
1635 3763 1884 3831 exigere,

251 3839 254 3853 ’
293 3861 461 3922 atque
504 3853 620 3920 ejus
666 3853 961 3909 discessum
1010 3869 1163 3924 mque
1210 3855 1389 3908 animo
1431 3853 1610 3919 ferre,
1665 3869 1727 3908 ac
1775 3868 1887 3907 ma-

292 3961 461 4016 gnam
490 3946 562 4000 illi
590 3947 658 4000 ob
689 3955 991 4017 susceptam
1019 3948 1498 4018 peregrinationem
1539 3947 1762 4017 gratiam
1795 3946 1889 4000 ha-

300 4043 454 4096 bere.
497 4039 763 4109 Subegisti
805 4031 915 4094 vim.
949 4041 1304 4110 affeclnmque
1346 4049 1572 4103 natura),
1622 4041 1746 4094 dum
1771 4040 1887 4108 jus-

297 4128 457 4196 sisti,
488 4139 544 4184 ut
569 4130 836 4185 civitatem
863 4130 1168 4194 solitudine,
1215 4132 1550 4186 securitatem
1582 4139 1724 4186 metu
1749 4130 1892 4185 lsau-

299 4223 456 4288 rico,
509 4233 564 4278 et
619 4227 945 4279 consortium
989 4231 1224 4279 vestrum
1272 4225 1609 4294 separatione
1655 4232 1890 4279 mutare-

298 4335 446 4386 mus,
499 4336 568 4376 ne
617 4322 740 4390 quid
766 4321 900 4377 forte
928 4336 1082 4377 secus
1103 4363 1116 4383 ,
1149 4336 1210 4375 ac
1248 4322 1518 4386 convenit,
1549 4335 1708 4389 agere
1736 4335 1892 4386 coge-

299 4428 508 4468 remur.
557 4414 699 4482 Quas
739 4413 811 4468 ob
841 4428 930 4468 res
954 4427 1195 4482 magnam
1225 4412 1320 4466 tibi
1349 4412 1573 4481 gratiam
1600 4411 1890 4474 habemus,

300 4519 412 4557 non
445 4503 584 4573 quod
615 4505 917 4574 pepereris,
963 4502 1058 4558 sed
1101 4503 1241 4572 quod
1270 4503 1338 4556 ita
1365 4501 1695 4567 educaveris,
1746 4510 1800 4556 et
1842 4500 1894 4555 in

306 4593 414 4648 hoc
444 4611 654 4664 quoque
680 4595 860 4661 talem,
906 4595 1115 4664 qualem
1142 4602 1370 4662 oportet,
1423 4603 1645 4647 matrem
1679 4600 1732 4646 te
1760 4607 1896 4662 prae-

306 4685 508 4740 bueris.
557 4685 828 4756 Siquidem
871 4686 972 4740 illae
1021 4701 1140 4756 qum
1193 4683 1383 4739 alfecm
1433 4683 1777 4754 franguntur,
1844 4691 1900 4738 et

303 4785 591 4845 antequam
642 4776 911 4846 expediat,
971 4776 1202 4830 filiorum
1236 4775 1573 4846 prmsentiam
1619 4763 1894 4843 expetunt,

307 4881 417 4920 non
453 4866 563 4935 jam
594 4877 828 4931 matres,
879 4866 973 4922 sed
1015 4866 1243 4921 filiorum
1291 4865 1567 4935 parricidae
1625 4874 1751 4919 sunt
1801 4881 1899 4935 ap-

305 4959 594 5029 pellandre.
627 4959 731 5014 Sed
763 4959 1208 5028 quemadmodum
1243 4959 1393 5013 fortis
1423 4960 1474 5012 in
1504 4959 1605 5012 hoc
1632 4958 1814 5035 fuisti,
1838 4973 1902 5013 ac

308 5053 457 5103 ferro
487 5050 709 5115 firmior,
756 5049 956 5119 tibique
1002 5049 1304 5104 mercedem
1350 5065 1378 5103 a
1421 5050 1651 5118 benigno
1680 5050 1789 5104 Deo
1810 5065 1902 5103 co-

307 5137 516 5209 piosam
563 5139 921 5208 promeruisti,
951 5140 1028 5195 sic
1070 5149 1123 5195 te
1163 5155 1378 5194 oramus
1420 5151 1475 5194 et
1521 5140 1899 5205 obsecramus,

309 5242 376 5289 ut
415 5234 468 5288 in
511 5236 722 5291 caeteris
749 5235 997 5290 omnibus
1021 5234 1263 5289 eamdem
1294 5234 1679 5304 phil050pbiam
1702 5242 1755 5286 et
1783 5248 1905 5287 con-

310 5327 564 5380 stantiam
595 5341 706 5398 prze
733 5336 786 5382 te
815 5327 975 5396 feras,
1001 5337 1055 5383 et
1075 5327 1336 5396 intelligas
1360 5341 1519 5380 unam
1546 5325 1902 5380 calamitatem

311 5427 766 5492 essetpeccatum
807 5420 1002 5487 solum,
1028 5422 1231 5490 reliqua
1260 5435 1390 5474 vero
1413 5427 1604 5474 cuncta
1637 5417 1865 5472 fabulam
1883 5455 1902 5485 ,

316 5510 966 5582 principatus,pr:econia,
984 5512 1216 5568 honores
1246 5511 1313 5567 ab
1340 5511 1641 5567 hominibus
1661 5509 1900 5565 delatos:

316 5600 459 5654 hanc
503 5614 677 5655 autem
712 5617 805 5671 per
828 5604 1036 5660 medias
1061 5602 1432 5659 tribulationes
1472 5617 1592 5657 esse
1618 5601 1756 5655 viam
1786 5615 1907 5672 qua:

314 5689 467 5743 ducit
487 5689 553 5743 ad
584 5693 793 5746 cadum.
845 5692 950 5750 Per
971 5695 1156 5754 multas
1176 5695 1317 5749 enim
1347 5694 1689 5748 tribulatione:
1715 5701 1909 5763 Oportet

320 5795 417 5832 nos
441 5780 630 5836 intrare
656 5784 709 5837 in
735 5801 945 5855 regnum
986 5785 1084 5842 Dei
1110 5787 1247 5858 (Act.
1277 5787 1360 5842 M.
1393 5785 1507 5858 21).
1538 5785 1606 5841 Ει
1636 5799 1763 5841 vero
1785 5796 1907 5838 san-

1993 3528 2063 3581 cti
2107 3541 2317 3589 omnes,
2369 3533 2423 3579 et
2466 3525 2554 3594 qui
2597 3523 2649 3577 in
2703 3522 2900 3584 Veteri,
2953 3528 3006 3573 et
3032 3519 3118 3589 qui
3147 3519 3198 3572 in
3223 3517 3374 3571 Novo
3400 3517 3582 3570 Testa-

1998 3627 2181 3673 mento
2238 3625 2639 3680 memorantur,
2692 3613 2830 3666 banc
2885 3618 3169 3665 tenuerunt
3224 3609 3398 3671 viam,
3463 3607 3583 3661 dun:

1997 3710 2216 3766 insidias
2249 3708 2390 3778 passi
2431 3715 2579 3772 sunt,
2619 3715 2880 3774 perpetuo
2926 3701 3120 3760 vexati,
3177 3699 3227 3753 in
3257 3698 3428 3767 fugam
3462 3699 3582 3763 acti,

1997 3803 2050 3857 in
2083 3801 2326 3856 exsilium
2371 3797 2528 3869 pulsi,
2565 3796 2695 3850 urbe
2737 3795 3002 3861 domoque
3040 3789 3234 3850 exacti,
3269 3798 3585 3857 prmmatura

1997 3904 2171 3948 morte
2197 3891 2412 3955 sublati,
2437 3898 2596 3957 atque
2626 3887 2693 3942 ab
2716 3887 2818 3940 illis
2843 3900 2869 3939 a
2893 3884 3083 3955 quibus
3105 3883 3322 3935 minime
3350 3881 3589 3935 omnium

1996 3985 2296 4056 oportebat.
2329 3981 2466 4050 Quid
2507 3980 2669 4041 enim,
2716 3992 2917 4046 qumso,
2949 3975 3262 4038 luctuosius,
3312 3982 3404 4025 aut
3463 3973 3591 4040 quid

1999 4078 2242 4132 acerbius
2290 4090 2448 4146 quam
2500 4089 2529 4126 a
2577 4072 2795 4126 dextera
2827 4069 3057 4123 fraterna
3088 4065 3330 4126 mactari,
3384 4076 3432 4118 et
3472 4075 3588 4134 post

2000 4181 2227 4222 coronas
2288 4173 2597 4232 tantamque
2666 4157 3183 4214 commendationem
3240 4169 3303 4208 ac
3376 4153 3587 4208 laudem

2003 4269 2324 4331 pra‘matura
2374 4273 2436 4311 ac
2489 4255 2718 4309 violenta
2769 4261 2941 4307 morte
2982 4251 3143 4305 vitam
3191 4248 3386 4303 finire?
3464 4248 3588 4317 quid

2000 4369 2129 4408 vero
2178 4351 2444 4415 acerbius,
2495 4361 2700 4417 quaeso,
2757 4359 2912 4415 quam
2953 4343 3168 4396 unicum
3218 4341 3384 4394 filium
3437 4347 3491 4394 et
3537 4339 3590 4395 in

2002 4454 2241 4501 extrema
2292 4449 2565 4496 senecutte
2611 4438 2790 4490 datum
2823 4450 2884 4487 'a
2938 4445 3156 4503 paterna
3202 4447 3361 4485 manu
3404 4430 3591 4499 jubere

2005 4535 2264 4600 mactari,
2321 4544 2376 4586 et
2446 4539 2649 4600 patrem
2719 4528 2889 4596 ipsum
2944 4522 3204 4592 ejusmodi
3257 4521 3418 4575 caedis
3475 4520 3592 4576 ﬁeri

2004 4624 2424 4682 adminislrum?
2456 4621 2572 4676 Noli
2625 4619 2764 4673 enim
2814 4616 2916 4669 hoc
2971 4612 3098 4667 mibi
3151 4611 3353 4678 dicere,
3385 4611 3590 4665 salvum

2005 4721 2153 4776 illum
2204 4728 2258 4772 et
2315 4715 2636 4771 incolumem
2681 4718 2864 4780 postea
2915 4715 3183 4774 receptum
3226 4703 3408 4758 fuisse.
3463 4703 3593 4756 Nam

2005 4830 2126 4870 cum
2176 4810 2309 4865 nihil
2351 4809 2538 4863 horum
2593 4803 2755 4858 sciret
2794 4801 2967 4870 justus
3022 4798 3145 4863 ille,
3215 4796 3307 4850 sed
3374 4796 3595 4850 omnino

2007 4920 2066 4960 se
2119 4903 2265 4957 illum
2305 4899 2686 4970 jugulaturum,
2733 4893 2811 4947 sic
2840 4890 2984 4944 illum
3013 4889 3066 4943 in
3097 4897 3331 4942 montem
3355 4886 3596 4951 deduxit,

2007 4996 2178 5050 altare
2229 4990 2542 5054 construxit,
2574 4989 2713 5056 ligna
2745 4983 3019 5054 imposuit,
3053 4980 3285 5052 gladium
3331 4980 3598 5049 arripuit,

2009 5098 2065 5143 et
2109 5087 2349 5156 jugulum
2403 5097 2530 5136 ense
2583 5077 2884 5145 transegit;
2943 5090 3064 5127 nam
3108 5079 3162 5126 et
3205 5073 3493 5138 transegit,
3555 5073 3598 5125 si

1939 5217 1950 5228 ο
2007 5180 2244 5234 animum
2286 5177 2402 5244 ejus
2429 5190 2492 5229 ac
2522 5174 2849 5226 voluntatem
2892 5175 3102 5236 spectes
3130 5181 3145 5218 :
3189 5179 3345 5235 quam
3373 5163 3445 5218 ob
3469 5178 3596 5218 cau-

2009 5289 2122 5327 sam
2151 5281 2208 5326 et
2236 5269 2407 5326 ubivis
2448 5267 2683 5338 gentium
2742 5262 2794 5317 in
2832 5268 2942 5315 toto
2972 5267 3236 5314 terrarum
3283 5258 3416 5311 orbe
3459 5256 3595 5310 cele-

2010 5368 2216 5423 bratur.
2267 5361 2420 5428 Quod
2460 5359 2504 5413 si
2545 5357 2697 5411 istius
2758 5361 3008 5423 nepotem
3056 5361 3494 5413 commemorem,
3547 5359 3596 5404 et

2011 5462 2181 5530 ipsum
2228 5453 2432 5510 videbis
2475 5451 2709 5505 fraterna
2761 5454 3010 5500 vexatum
3062 5439 3258 5495 invidia
3304 5451 3492 5492 rursus
3544 5437 3596 5493 in

2011 5551 2253 5614 exsilium
2303 5546 2619 5614 relegatum,
2647 5549 2938 5603 extorrem,
2987 5548 3049 5618 ac
3091 5533 3304 5586 civitate
3338 5530 3550 5599 pulsum
3576 5570 3594 5595 ,

2012 5657 2249 5703 servum,
2291 5639 2344 5693 in
2397 5645 2581 5690 extera
2629 5631 2848 5702 regione
2891 5623 3142 5682 mercede
3186 5636 3401 5691 operam
3447 5635 3596 5675 suam

2014 5735 2302 5797 locantem,
2352 5744 2416 5782 ac
2459 5726 2649 5796 capitis
2703 5723 2785 5777 sui
2839 5717 3131 5790 periculum
3162 5713 3622 5770 reformidantem'

2016 5827 2034 5894 (
2059 5826 2185 5881 Gen.
2230 5823 2320 5879 29.
2372 5817 2495 5891 lt).
2545 5815 2698 5886 Quod
2759 5813 2803 5868 si
2841 5808 3170 5879 Josepbum,
3219 5820 3312 5870 qut
3353 5805 3592 5860 venditus
