3950 6370
521 386 622 444 ’745

520 502 635 566 fuit;
674 512 728 555 et
757 509 835 555 tot
880 503 1036 554 annis
1096 519 1299 558 servus
1338 516 1500 577 alque
1550 507 1603 561 in
1659 505 1888 561 vinculis
1941 506 2092 573 fuit;

519 593 660 662 quod
700 594 745 648 si
788 592 988 647 Moscm
1010 634 1023 656 ,
1053 591 1142 661 qui
1175 600 1301 645 tota
1327 590 1525 645 Judmis
1551 604 1736 660 passus
1787 598 1872 644 est
1922 590 2093 656 mala;

520 700 642 740 nam
708 683 1070 753 apostolorum
1140 682 1454 737 afﬂictiones
1516 680 1757 737 oratione
1815 680 2098 750 complecti

519 788 675 828 nemo
724 781 901 836 potest
943 790 959 828 :
1007 772 1124 828 hate
1176 787 1304 842 ergo
1356 771 1651 842 colligens,
1730 778 1786 826 et
1844 772 1981 833 apud
2045 779 2098 825 te

518 863 850 933 perpendens
910 873 1105 932 quanta
1169 863 1238 917 sit
1304 877 1511 919 merces
1571 862 1863 933 patientire,
1934 863 2099 918 sacri-

431 936 435 942 ’
520 955 694 1009 ticiqu
723 954 855 1009 oil‘er
895 955 1023 1020 Deo,
1054 969 1313 1024 generose
1361 954 1579 1011 ferendo
1622 969 1968 1024 qumcumque
2008 969 2098 1009 ae-

517 1048 720 1110 ciduut;
774 1055 830 1101 et
870 1047 926 1101 in
966 1047 1213 1100 omnibus
1260 1046 1408 1100 illum
1454 1046 1709 1117 gloriﬁca.
1754 1046 1958 1101 Etenim
1996 1044 2097 1101 Job

519 1147 739 1208 propter
763 1136 1024 1208 ejusmodi
1051 1137 1206 1191 verba
1234 1152 1487 1192 coronam
1515 1137 1764 1190 obtinuit.
1806 1136 1939 1190 Tum
1966 1151 2095 1191 vero

519 1239 772 1298 exspecta
800 1229 1146 1283 mutationem
1180 1229 1232 1284 in
1260 1230 1469 1295 melius,
1502 1243 1676 1298 neque
1698 1229 1902 1298 precari
1931 1228 2095 1282 Deum

518 1320 676 1391 hujus
704 1320 784 1375 rei
809 1320 976 1388 gratia
1002 1319 1206 1382 desine,
1251 1331 1410 1389 atque
1440 1318 1631 1387 adms
1657 1318 1890 1373 scribere
1916 1318 2091 1384 stude,

520 1426 619 1467 nos
671 1410 871 1481 aliquid
915 1410 1085 1465 literis
1130 1410 1326 1465 nostris
1368 1408 1679 1479 profecisse,
1722 1417 1780 1463 ut
1817 1409 1979 1463 animi
2020 1409 2096 1465 tui

520 1501 956 1571 tranquillitatem
981 1499 1303 1566 foveremus,
1323 1500 1421 1553 nisi
1441 1498 1577 1553 forte
1604 1499 1840 1553 ltetitiam
1857 1509 2092 1553 nostram

523 1592 741 1646 turbare
777 1591 951 1646 malis.
990 1590 1099 1645 Nos
1137 1591 1278 1644 enim
1311 1590 1396 1646 hic
1436 1591 1599 1644 multa
1651 1591 1924 1660 voluptate
1969 1605 2093 1660 per-

520 1683 810 1749 fundimur,
840 1683 967 1739 dum
993 1682 1311 1738 sanctissimi
1341 1682 1574 1753 episc0pi
1599 1682 2002 1748 consuetudine,
2033 1697 2095 1737 ac

517 1774 621 1828 loci
647 1773 808 1842 hujus
844 1772 1043 1842 quiete,
1088 1773 1304 1842 otioque
1331 1786 1541 1829 summo
1584 1772 1932 1828 oblectamur.
1962 1772 2094 1827 Nam

515 1873 570 1918 et
588 1863 887 1918 Isaurorum
924 1872 1098 1919 metus
1134 1865 1455 1935 conquievit,
1495 1863 1622 1918 dum
1648 1872 1869 1934 cogente
1898 1864 2092 1933 hieme,

518 1971 615 2012 sua
659 1957 875 2026 regione
919 1972 980 2012 se
1030 1959 1325 2012 continent.
1351 1958 1430 2013 Ne
1467 1959 1629 2027 igitur
1668 1967 1905 2013 nostram
1958 1959 2097 2014 hanc

514 2046 751 2102 laetitiam
792 2048 1096 2103 conturbes.
1139 2048 1288 2116 Quod
1334 2050 1377 2104 si
1406 2049 1471 2104 ad
1502 2066 1600 2105 nos
1631 2050 1797 2106 litera:
1829 2051 2096 2120 perferan-

513 2148 620 2204 tur,
653 2154 771 2208 quae
797 2140 1297 2211 nobissignillcent,
1345 2150 1396 2197 te
1426 2150 1582 2212 prout
1623 2151 1676 2198 te
1722 2143 1897 2208 decet,
1925 2144 2089 2199 subli-

510 2231 690 2299 mique
713 2241 814 2285 tua:
846 2232 1009 2287 menti
1035 2234 1302 2298 convenit,
1331 2248 1393 2288 ea
1421 2248 1537 2303 qua:
1564 2235 1902 2305 contigerint,
1925 2235 2090 2303 ferre,

511 2319 611 2375 hac
638 2321 917 2375 occasione
947 2321 1125 2375 lmtitia
1156 2331 1336 2377 nostra
1367 2337 1471 2377 non
1506 2324 1760 2379 mediocri
1786 2326 2092 2380 accessione

514 2413 884 2467 cumulnhitur.
932 2412 1220 2469 Enimvero
1263 2414 1487 2470 miriﬁce
1535 2430 1632 2469 nos
1680 2417 1941 2471 recreavit
1982 2416 2093 2471 fru-

510 2513 693 2558 ctuosa
736 2520 856 2558 cum
884 2505 1220 2560 sanctissimo
1244 2506 1494 2576 episcopo
1522 2507 1869 2575 consuetudo,
1915 2509 1991 2563 sic
2034 2518 2091 2564 ut

510 2610 607 2649 nos
635 2594 1014 2665 propemodum
1057 2594 1107 2649 in
1147 2596 1280 2651 alios
1308 2597 1452 2651 viros
1485 2599 1789 2663 mutaverit,
1836 2613 1934 2653 nec
1980 2599 2088 2653 ullo

506 2683 809 2753 permiserit
859 2686 1151 2755 peregrina:
1193 2687 1425 2756 regionis
1471 2702 1633 2742 sensu
1690 2687 1829 2742 afﬁci
1880 2706 1893 2741 :
1944 2699 2087 2743 tanta

508 2774 766 2829 beatorum
810 2775 1143 2844 jucunditate
1188 2777 1568 2844 redundamus,
1613 2788 1692 2834 tot
1728 2781 2087 2850 Spiritualibus

504 2866 694 2933 opibus
720 2865 1155 2933 circumfluimus,
1198 2876 1253 2921 et
1281 2882 1396 2922 eam
1427 2867 1498 2924 ob
1522 2883 1733 2925 causam
1762 2871 1927 2925 Deum
1953 2887 2085 2926 cou-

506 2958 651 3012 tinue
675 2957 971 3028 gloriﬁcare
997 2974 1100 3013 non
1129 2973 1420 3016 cessamus.

679 3071 918 3127 CCXXX
931 3072 1094 3128 VIII.
1130 3073 1368 3145 Eiusdem
1399 3076 1468 3130 ad
1493 3092 1714 3132 sororem
1739 3095 1904 3133 suam.

572 3184 680 3240 Nos
719 3185 931 3255 quidem
970 3186 1192 3241 caritate
1233 3186 1506 3257 conjungit
1556 3203 1678 3243 cum
1724 3201 1928 3247 natura:
1977 3190 2081 3258 lex,

504 3289 615 3333 tum
644 3277 785 3347 quod
813 3277 1002 3333 eodem
1032 3287 1183 3348 partu
1208 3279 1336 3333 editi
1365 3278 1623 3335 fuerimus
1672 3297 1686 3335 :
1739 3288 1794 3334 at
1835 3296 1934 3336 nos
1975 3298 2080 3335 non

498 3385 619 3424 eam
650 3378 853 3424 tantum
879 3370 949 3424 ob
973 3385 1206 3437 causam,
1237 3370 1331 3426 sed
1360 3372 1429 3426 ob
1454 3372 1632 3437 aliam,
1682 3381 1738 3429 et
1767 3389 1883 3444 quae
1905 3375 2079 3429 maxi-

499 3473 589 3515 me
630 3461 803 3515 locum
851 3461 1046 3533 habere
1073 3460 1255 3529 debet,
1310 3471 1363 3518 te
1397 3478 1710 3518 reveremur
1733 3474 1787 3519 et
1814 3479 2077 3531 amamus,

503 3550 643 3620 quod
686 3550 936 3604 nimirum
985 3566 1071 3605 res
1116 3550 1275 3621 hujus
1315 3552 1499 3607 saeculi
1528 3568 1623 3623 pro
1652 3553 1818 3608 nihilo
1859 3553 2077 3621 habeas,

495 3639 639 3710 quod
669 3639 869 3695 fumum
913 3641 1176 3712 abegeris,
1230 3643 1500 3712 pulverem
1526 3646 1875 3713 Oppresscris,
1909 3645 2077 3700 lutum

495 3733 844 3799 conculcaris,
884 3732 1136 3802 levesque
1174 3734 1268 3789 tibi
1297 3734 1409 3789 alas
1435 3733 1500 3788 ad
1530 3736 1883 3790 emetiendam
1910 3738 2075 3805 viam,

494 3840 613 3894 qua:
641 3823 807 3879 tendit
833 3823 901 3879 ad
924 3825 1131 3892 caelum,
1160 3826 1554 3895 comparaveris
1581 3844 1594 3880 :
1623 3836 1676 3882 et
1704 3843 1876 3899 neque
1902 3829 2076 3883 mariti

493 3929 642 3981 cura,
689 3931 861 3985 neque
887 3915 1176 3971 liberorum
1207 3916 1605 3972 educandorum
1632 3919 1954 3986 sollicitudo,
1986 3937 2077 3976 ne-

491 4021 594 4075 que
622 4005 813 4062 domus
841 4006 1249 4075 administratio,
1276 4023 1447 4077 neque
1476 4009 1754 4077 tumultus,
1786 4026 1943 4080 quem
1977 4011 2076 4065 ista

495 4098 723 4167 pariunt,
764 4112 979 4152 cursum
1028 4107 1172 4153 tuum
1222 4099 1612 4169 interrumpere
1660 4110 1754 4155 aut
1804 4101 2076 4157 retardare

495 4196 800 4261 potuerunt,
827 4186 922 4241 sed
941 4187 1025 4242 his
1042 4187 1171 4257 ipsis
1190 4189 1379 4257 quibus
1406 4189 1648 4257 impediri
1672 4204 1828 4259 posse
1857 4191 2074 4247 videba—

493 4279 587 4344 ris,
632 4277 695 4332 ad
727 4277 980 4346 majorem
1010 4294 1104 4332 usa
1145 4294 1204 4333 es
1232 4280 1438 4333 volatus
1466 4281 1792 4335 celeritatem
1837 4301 1851 4335 :
1899 4292 1954 4338 et
1982 4299 2075 4338 ne-

490 4387 595 4442 que
640 4371 724 4424 illa
777 4386 898 4442 qua:
945 4372 1087 4426 viros
1126 4386 1417 4442 generosos
1478 4373 1722 4428 ltumiliat
1764 4375 2072 4445 (siquidem

396 4493 405 4508 ι
491 4461 797 4532 Paupertas,
841 4461 1012 4532 inquit
1056 4461 1349 4531 Scriptura,
1388 4462 1551 4515 virum
1575 4464 1809 4518 Itumiliat
1839 4465 1858 4536 )
1890 4463 2071 4538 (Prov.

488 4556 573 4611 10.
604 4556 680 4623 4),
724 4554 954 4625 dejicere
985 4565 1037 4608 te
1067 4556 1256 4624 potuit,
1285 4553 1379 4608 sed
1409 4563 1464 4609 et
1491 4555 1853 4611 sublimiorem
1875 4555 2069 4612 eﬂ‘ecit.

488 4645 562 4700 Ea
594 4662 821 4717 namque
855 4646 1067 4702 virtutis
1088 4655 1171 4701 est
1200 4646 1302 4712 vis,
1336 4655 1395 4701 ut
1418 4662 1522 4702 non
1554 4648 1623 4703 ab
1648 4648 1713 4704 iis
1737 4664 1854 4719 quae
1879 4650 2070 4704 similia

484 4745 607 4790 sunt
656 4752 970 4793 aranearum
1021 4737 1139 4793 telis
1193 4738 1581 4807 praepediatur,
1632 4738 1728 4794 sed
1785 4755 1848 4796 ea
1899 4741 2071 4796 multo

483 4826 708 4893 facilius,
748 4843 903 4895 quam
946 4828 1089 4898 ipsas
1113 4844 1426 4883 aranearum
1452 4830 1582 4884 telas
1610 4830 1896 4901 dissipans,
1925 4831 2069 4887 mul-

484 4926 593 4971 tum
632 4916 753 4971 inde
800 4918 1004 4974 lucrum
1034 4920 1304 4992 decerpat.
1337 4916 1460 4976 llazc
1487 4936 1591 4975 non
1629 4922 1744 4978 sine
1777 4937 1937 4978 causa
1965 4931 2069 4978 tua:

482 5006 792 5075 scripsimus
843 5010 1193 5077 venerationi,
1263 5010 1357 5067 sed
1404 5014 1654 5083 quoniam
1709 5029 1830 5068 cum
1884 5024 2067 5072 nostro

480 5098 740 5160 discessu,
777 5107 886 5153 tum
922 5102 1144 5157 tumultu
1171 5103 1290 5158 istic
1316 5111 1505 5159 exorto
1536 5104 1820 5160 admodum
1851 5118 2068 5162 contur-

481 5192 592 5248 bari
624 5201 676 5247 te
704 5192 1045 5273 conjicitnus,
1083 5207 1135 5249 et
1177 5196 1389 5251 anxiam
1434 5211 1573 5262 esse,
1621 5207 1902 5267 pr0ptcrea
1931 5200 2066 5254 scri-

480 5281 708 5337 bendum
753 5281 820 5336 ad
866 5282 1113 5351 pietatem
1169 5293 1311 5340 tuam
1364 5285 1653 5356 duximus,
1722 5297 1776 5342 et
1825 5289 2063 5360 cogitans

481 5375 620 5428 viam
675 5374 958 5445 quamdam
1021 5388 1139 5429 esse
1186 5391 1274 5431 res
1318 5376 1607 5446 humanas,
1673 5387 1728 5433 et
1784 5389 2059 5450 angustam

477 5466 694 5536 quidem
717 5482 836 5524 eam
864 5481 983 5537 qua:
1011 5465 1219 5536 virtqtis
1247 5476 1358 5536 est,
1407 5469 1693 5540 spatiosam
1730 5481 1907 5528 autem
1941 5487 2061 5542 quae

479 5558 609 5623 vitii,
635 5572 810 5627 neque
840 5558 976 5620 illos,
1005 5556 1196 5628 quibus
1223 5574 1343 5613 cum
1368 5561 1598 5628 peccatis
1621 5558 1849 5617 feliciter
1869 5571 2058 5616 cuncta

476 5650 782 5717 succedunt,
814 5650 1099 5715 aemuleris,
1146 5649 1241 5705 sed
1280 5650 1455 5721 potius
1500 5651 1747 5722 deplores
1775 5653 2053 5723 (quando-

491 5762 608 5873 ὡα)
640 5769 753 5820 Qum
787 5764 975 5812 uncinis
1010 5762 1355 5815 claudunturin
1382 5761 1521 5815 Edito
1543 5762 1782 5825 deerant;
1821 5777 1883 5814 ex
1908 5764 2056 5826 Regio

494 5830 504 5843 ‘
570 5824 642 5873 iee
667 5822 918 5873 desumpta
938 5832 1066 5873 sunt.

473 5822 642 5873 tiodiee
667 5822 918 5885 desumpta
938 5832 1066 5874 sunt.

1258 387 1315 442 S.
1336 385 1613 442 JOANNtS
1655 384 2120 443 Ct'lIlYSOSTOMI
2145 389 2457 446 ARCHIEP.
2490 392 3019 451 CONSTANTINOP.
3650 396 3730 469 τη

2202 503 2414 572 quidem
2462 506 2776 576 supplicium
2821 509 2926 564 illis
2976 512 3300 582 prosperitas
3334 515 3446 575 haec
3484 524 3678 578 accersit
3695 526 3724 593 ),

2203 608 2374 662 neque
2399 596 2490 664 qui
2515 597 2650 651 viam
2676 608 2954 668 angustam
2984 611 3271 672 sectantur,
3302 609 3517 665 miseros
3537 613 3728 670 arbitred

2204 686 2300 751 ris,
2343 686 2438 741 sed
2465 687 2650 744 beatos
2688 692 2866 760 potius
2893 694 3167 764 praedices,
3196 698 3244 753 si
3279 713 3396 754 cum
3424 702 3600 760 virtute
3620 708 3731 763 viam

2202 788 2479 847 peragant.
2540 780 2674 836 Nam
2717 792 2771 837 et
2819 785 2933 839 istis
2965 786 3219 855 majorem
3247 792 3562 850 occasionem
3587 793 3732 858 aﬂert,

2205 877 2262 923 et
2287 869 2673 927 incrementum
2705 874 2964 931 honorum
2995 887 3051 933 et
3098 894 3434 952 coronarum,
3478 886 3613 942 istius
3638 890 3736 946 vita:

2203 960 2440 1029 afflictio,
2488 964 2532 1017 si
2579 980 2701 1020 cum
2745 967 2956 1022 virtutis
2984 971 3179 1027 auxilio
3205 973 3733 1049 tolercturzsiquidem

2203 1062 2254 1106 et
2298 1053 2574 1121 divesille
2618 1073 2722 1112 non
2769 1059 2969 1117 idcirco
3010 1071 3209 1118 tantum
3257 1068 3732 1141 cruciabatur,un

2201 1144 2431 1199 crudelis
2473 1154 2526 1201 et
2559 1146 2881 1205 inhumanus
2923 1162 3084 1217 esset,
3116 1154 3211 1209 sed
3233 1156 3373 1224 quod
3402 1158 3622 1227 pluribus
3644 1163 3734 1232 opi-

2201 1234 2299 1290 bus
2327 1237 2642 1306 abundaret,
2671 1249 2725 1295 et
2751 1242 2968 1312 opipara
3000 1259 3181 1298 mensa
3212 1243 3512 1313 frueretur;
3543 1250 3733 1306 Lazarus

2200 1343 2330 1384 vero
2361 1340 2640 1401 propterea
2664 1344 2862 1388 corona
2890 1334 3207 1401 donabatur,
3255 1338 3399 1406 quod
3443 1341 3599 1396 multa
3633 1358 3730 1398 cum

2199 1420 2450 1489 patientia
2493 1438 2710 1493 gravem
2751 1426 2991 1482 ulcerum
3030 1430 3318 1482 cruciatum
3351 1430 3527 1498 ferret,
3568 1445 3734 1503 egesta

2202 1522 2304 1569 tem
2325 1555 2340 1579 ,
2398 1514 2736 1571 solitudinem
2766 1532 2949 1572 eorum
2976 1520 3063 1589 qui
3089 1520 3454 1589 subvenirent,
3502 1525 3629 1594 quod
3663 1526 3737 1581 ab-

2192 1603 2371 1673 jcctus
2397 1613 2559 1673 esset,
2576 1606 2716 1677 quod
2736 1618 3185 1678 contemneretur,
3210 1612 3351 1683 quod
3378 1630 3561 1670 canum
3578 1614 3735 1687 linguis

2200 1695 2253 1750 in
2291 1697 2523 1766 prmdam
2543 1701 2745 1769 jaceret
2774 1703 3068 1771 expositus.
3116 1704 3242 1760 llaec
3281 1707 3421 1761 enim
3449 1708 3615 1762 omnia
3640 1709 3735 1765 licet

2198 1797 2483 1859 antequam
2526 1799 2734 1847 nostras
2777 1793 2963 1848 literas
3008 1796 3300 1865 acciperes,
3340 1813 3446 1852 non
3485 1798 3732 1868 ignorares,

2199 1875 2502 1933 faciendum
2533 1880 2688 1935 nobis
2717 1890 2893 1936 tamen
2919 1884 3363 1952 existimavimus,
3409 1895 3471 1941 ut
3495 1889 3545 1942 in
3567 1904 3732 1944 memo-

2197 1968 2331 2022 riam
2358 1984 2423 2024 ea
2448 1970 2543 2025 tibi
2569 1971 2850 2027 scribendo
2885 1989 3379 2041 revocaremuspne
3401 1978 3534 2033 forte
3561 1979 3732 2037 tristitia

2197 2059 2395 2114 turbari
2423 2068 2475 2115 te
2500 2062 2722 2117 sineres.
2764 2063 3015 2131 Quamvis
3042 2065 3184 2120 enim
3212 2066 3382 2122 literis
3413 2068 3567 2122 nolim
3592 2069 3732 2124 omnia

2196 2152 2531 2220 consignare,
2571 2155 2737 2222 probe
2771 2164 2947 2210 tamen
2977 2157 3098 2211 novi
3123 2157 3318 2227 quibus
3344 2160 3495 2214 malis
3529 2159 3726 2215 obsidea-

2196 2242 2365 2307 mini;
2429 2258 2589 2313 quam
2646 2244 2716 2299 ob
2773 2260 2989 2301 causam
3031 2255 3088 2303 et
3135 2250 3422 2317 epistolam
3466 2250 3641 2316 adjeci.
3680 2248 3732 2303 lit

2195 2332 2376 2404 igitur,
2418 2336 2577 2388 etiam
2605 2334 2730 2390 dum
2761 2351 2985 2406 peregre
3010 2339 3256 2405 vivimus,
3306 2339 3473 2395 multa
3512 2340 3731 2409 voluptate

2195 2424 2588 2494 perfundamur,
2641 2424 2709 2480 ad
2757 2441 2857 2481 nos
2887 2428 3067 2482 literas
3095 2430 3265 2497 mitte,
3299 2431 3490 2500 quibus
3510 2430 3731 2501 significes

2196 2522 2398 2569 tantum
2443 2515 2583 2585 apud
2629 2525 2680 2571 te
2727 2526 2965 2572 nostram
3016 2517 3153 2573 hanc
3195 2520 3429 2576 valuisse
3456 2520 3732 2577 cohortatio-

2195 2621 2347 2671 nem,
2393 2615 2647 2676 quantum
2708 2607 2973 2663 voluimus
3025 2618 3081 2664 et
3127 2610 3451 2679 optavimus.
3502 2610 3585 2666 Sic
3620 2609 3730 2665 enim

2191 2696 2302 2764 fiet,
2344 2707 2402 2751 ut
2445 2697 2568 2752 licet
2615 2698 2771 2768 longe
2802 2698 3029 2769 sejuncti
3075 2713 3105 2753 a
3152 2699 3346 2769 vobis,
3392 2700 3596 2755 multam
3638 2702 3732 2753 hinc

2190 2787 2426 2843 lintitiam
2484 2788 2814 2845 hauriamus.
2891 2788 3164 2859 Siquidem
3213 2805 3348 2857 nos,
3410 2790 3607 2846 tametsi
3648 2798 3730 2842 tam

2188 2878 2355 2932 multa
2397 2880 2559 2948 passi,
2604 2880 2736 2934 nihil
2758 2895 2947 2936 eorum
2982 2881 3264 2950 sentimus,
3315 2881 3443 2938 dum
3474 2880 3729 2937 mercedem

2188 2979 2370 3025 mente
2412 2970 2817 3041 complectimur
2861 2973 3208 3027 constitutam
3256 2973 3332 3029 ob
3379 2989 3443 3029 ea
3469 2989 3582 3044 qua:
3617 2969 3729 3041 passi

2189 3076 2394 3128 sumus,
2437 3073 2491 3118 et
2531 3073 2901 3134 exspectamus
2942 3064 3079 3132 fore,
3125 3073 3184 3120 ut
3233 3064 3465 3136 aliquam
3494 3067 3542 3120 in
3580 3062 3729 3118 melius

2188 3155 2535 3209 mutationem
2579 3155 2787 3226 negotia
2824 3156 3148 3222 sortiantur,
3196 3165 3253 3211 ut
3297 3168 3354 3212 et
3405 3157 3513 3227 ipsa
3554 3152 3726 3210 exordia

2186 3261 2299 3317 prae
2326 3260 2386 3303 se
2416 3247 2607 3302 ferunt.
2642 3248 2766 3303 llaec
2807 3249 2964 3319 igitur
2992 3242 3101 3319 ipsa
3124 3246 3309 3305 "tecum
3334 3259 3598 3318 reputans,
3631 3244 3728 3299 dum

2185 3338 2447 3407 ejusmodi
2500 3339 2770 3408 patientiae
2814 3340 3037 3396 sudores
3083 3343 3321 3409 toleras,
3380 3341 3485 3396 noli
3533 3338 3726 3392 animum

2184 3429 2541 3499 despondere,
2583 3430 2676 3486 sed
2728 3446 2848 3486 cum
2890 3433 3128 3486 omnium
3176 3422 3407 3486 aliorum
3434 3445 3603 3486 curam
3628 3438 3727 3498 gere

2184 3521 2474 3576 liberorum
2507 3531 2717 3576 tuorum
2766 3522 3068 3592 (siquidem
3107 3523 3278 3592 major
3317 3533 3370 3579 te
3399 3538 3534 3578 nunc
3558 3531 3727 3575 met-cm

2185 3613 2426 3683 manet),
2471 3620 2580 3666 tum
2625 3612 2900 3682 pulchram
2931 3613 3312 3682 Epiphanium,
3347 3621 3499 3684 prout
3517 3610 3723 3682 placitum

2185 3705 2295 3760 Deo
2340 3704 2517 3771 fuerit,
2565 3705 2792 3760 educare
2832 3704 3006 3760 stude.
3034 3704 3152 3759 Non
3173 3706 3319 3759 enim
3348 3706 3552 3776 ignoras
3569 3712 3723 3772 quanta

2184 3799 2253 3853 sit
2304 3812 2335 3852 a
2375 3798 2485 3853 Deo
2511 3798 2801 3854 liberorum
2845 3797 3147 3860 educationi
3191 3812 3405 3854 merces
3456 3796 3721 3852 constituta.

2187 3888 2261 3943 lla
2309 3903 2429 3944 cum
2475 3889 2593 3944 aliis
2637 3889 2906 3944 Abraham
2953 3889 3183 3944 nominis
3221 3888 3581 3945 celebritatem
3622 3882 3723 3936 ade-

2183 3990 2303 4050 ptus
2350 3988 2469 4046 est,
2522 3979 2594 4034 ita
2634 3979 2734 4034 Job
2790 3994 3043 4034 coronam
3086 3980 3388 4049 promeruit
3420 3996 3434 4033 :
3461 3990 3513 4033 et
3546 3973 3723 4030 assidue

2180 4073 2368 4127 beatus
2408 4071 2600 4125 Paulus
2628 4070 2729 4125 hoc
2770 4071 3073 4140 parentibus
3100 4071 3341 4140 praecipit
3367 4070 3542 4125 dicens
3573 4063 3721 4121 :Edu-

2179 4171 2287 4216 cate
2324 4163 2457 4230 ﬁlios
2503 4172 2691 4215 vestros
2733 4161 2786 4214 in
2820 4161 3088 4230 disciplina
3124 4170 3169 4214 et
3214 4161 3527 4230 correptione
3553 4150 3721 4210 Domini

2180 4253 2394 4325 (Ep/tes.
2421 4257 2472 4309 6.
2491 4252 2569 4323 4).
2603 4251 2941 4307 Vacatiunem
2964 4261 3119 4307 nacta
3150 4267 3229 4317 es,
3256 4267 3378 4321 quae
3409 4249 3543 4316 tibia
3571 4256 3720 4315 super-

2179 4343 2361 4399 vacuis
2386 4352 2440 4399 et
2468 4342 2789 4412 importunis
2816 4343 2959 4397 curis
2984 4351 3037 4396 et
3064 4341 3235 4396 inutili
3276 4340 3540 4395 anxietate
3581 4338 3719 4406 potest

2178 4436 2564 4492 immunitatem
2591 4435 2907 4505 acquirere;
2953 4434 3312 4498 vacationem,
3363 4448 3482 4504 quae
3531 4428 3717 4484 multum

2177 4538 2435 4600 quzestum
2464 4529 2621 4597 parit,
2663 4526 2802 4582 unde
2846 4525 2940 4580 tibi
2982 4525 3137 4580 multi
3164 4535 3389 4595 possunt
3414 4520 3610 4579 virtutis
3630 4517 3715 4571 fru-

2176 4633 2295 4675 ctus
2335 4619 2615 4688 pullulare,
2663 4618 2708 4673 si
2753 4616 2967 4687 quidem
3016 4616 3143 4672 huic
3181 4617 3257 4672 rei
3299 4631 3511 4672 omnem
3535 4623 3715 4682 operum

2174 4712 2407 4766 volueris
2450 4709 2723 4765 adhibere.
2775 4705 2907 4763 Nam
2933 4706 3001 4762 de
3025 4707 3241 4762 domina
3270 4722 3391 4762 mea
3417 4714 3579 4760 matre
3612 4694 3716 4753 nihil

2174 4818 2309 4872 opus
2352 4816 2472 4857 esse
2527 4801 2758 4856 arbitror
2781 4798 2849 4854 ad
2878 4810 2928 4854 te
2955 4799 3213 4863 scribere,
3261 4814 3383 4853 cum
3422 4796 3549 4851 satis
3582 4792 3713 4847 sciam

2172 4893 2314 4950 inter
2353 4901 2548 4949 cratera
2590 4892 2847 4963 pmclara
2877 4892 3110 4947 facinora
3142 4890 3243 4946 hoc
3269 4906 3297 4944 a
3329 4900 3381 4946 te
3408 4889 3618 4951 editum,
3655 4887 3713 4933 al-

2172 5001 2275 5055 que
2322 4987 2594 5055 copiosum
2643 4982 2766 5038 inde
2814 4995 2866 5037 te
2914 4983 3142 5038 fructum
3204 4981 3567 5051 decerpsisse,
3615 4986 3711 5029 cum

2171 5079 2275 5131 tuis
2304 5079 2354 5130 in
2387 5076 2532 5130 illam
2581 5074 2773 5130 ofﬁciis
2800 5083 2855 5129 et
2885 5075 3155 5144 obsequiis
3184 5073 3479 5144 quamlibet
3502 5065 3711 5123 ancillam

2169 5167 2530 5238 superaveris.
2594 5167 2728 5234 Quia
2786 5174 2963 5220 tamen
3009 5164 3112 5220 hoc
3163 5180 3375 5235 quoque
3419 5178 3450 5217 a
3496 5174 3579 5216 me
3626 5167 3710 5209 non

2167 5263 2338 5316 omitti
2394 5277 2493 5331 par
2538 5269 2661 5328 est,
2716 5259 2851 5326 audi
2903 5259 3117 5315 beatum
3168 5257 3388 5312 Paulum
3442 5253 3709 5308 dicentem.

2169 5353 2383 5409 Honora
2408 5364 2655 5424 parentes,
2680 5360 2735 5407 et
2752 5350 3054 5415 addentem,
3088 5350 3234 5418 Quod
3261 5357 3333 5402 est
3362 5346 3568 5417 primum
3593 5350 3709 5436 mer

2165 5446 2338 5500 datum
2369 5446 2422 5499 in
2452 5444 2865 5517 promissionibu:
2904 5441 3013 5514 (Ib.
3053 5458 3101 5497 υ.
3130 5441 3210 5512 2).
3243 5439 3301 5496 Si
3328 5440 3400 5494 ita
3422 5447 3472 5491 te
3490 5440 3707 5504 gesseris.

2163 5553 2285 5593 cum
2318 5538 2510 5592 multas
2556 5536 2653 5590 tibi
2706 5550 2934 5590 coronas
2981 5534 3245 5603 acquires,
3287 5539 3397 5584 tum
3440 5524 3591 5580 multa
3629 5527 3707 5571 005

2163 5631 2437 5700 voluptate
2457 5628 2765 5700 perfundes,
2789 5642 2963 5697 neque
2991 5625 3276 5697 quidquam
3300 5636 3395 5677 nos
3416 5633 3530 5675 esse
3553 5620 3706 5683 passns

2161 5721 2538 5776 arbitrabimur
2566 5736 2750 5775 eorum
2779 5735 2898 5789 qure
2926 5718 3066 5788 passi
3094 5716 3288 5772 fuimus
3333 5714 3429 5767 hac
3464 5709 3528 5763 de
3552 5714 3701 5758 causa.

2165 5813 2259 5869 sed
2292 5811 2656 5883 magnitudine
2688 5811 2887 5868 laetitiae
2914 5810 3158 5877 recreati,
3206 5823 3360 5880 quam
3387 5820 3451 5859 ex
3481 5806 3703 5856 honorum
