3950 6372
286 411 397 471 ⁸743

272 549 471 594 σαντα,
507 530 598 585 τὸν
627 528 850 584 δεθέντα
881 534 900 555 ·
935 525 1030 597 ἔτη
1061 521 1318 587 τοσαῦτα,
1340 519 1431 574 τδν
1465 516 1634 591 μυρία
1666 516 1868 570 παθόν-

266 645 343 682 τα
368 626 537 680 δεινά·
577 625 643 679 ἂν
664 624 720 678 δὲ
746 622 838 675 τὸν
863 618 1016 691 [7'52]
1040 618 1301 684 Μωῦσέα,
1323 616 1417 669 xa).
1443 612 1679 667 τοσαῦτα
1715 610 1866 682 παρά

267 717 385 771 τῶν
430 715 698 770 Ἰουδαίων
732 702 974 766 παθόντα
1014 708 1179 763 κακά’
1214 707 1283 761 τά
1316 706 1426 777 γάρ
1465 703 1575 759 τῶν
1617 701 1866 757 ἀποστό-

267 809 386 864 λων
418 808 540 862 ούδὲ
573 805 921 879 παραστῆσαι
944 802 1025 856 ἔνι
1053 801 1132 872 τῷ
1164 800 1325 871 λόγῳ·
1351 798 1501 852 ταῦτ’
1534 792 1627 850 οὖν
1646 795 1866 852 ἅπαντα

265 897 678 968 συναγαγοῦσα,
708 899 803 949 καὶ
831 893 1157 964 λογιζομένη
1186 894 1284 963 τῆς
1312 891 1590 960 ὑπομονῆς
1640 886 1732 939 τὸν
1776 901 1865 956 μι-

266 990 419 1055 σθὸν,
458 984 650 1042 θυσίαν
681 989 938 1054 ἀνένεγκε
968 985 1048 1056 τῷ
1072 983 1212 1055 Θεῷ.
1244 983 1305 1037 τὸ
1326 982 1587 1052 γενναίως
1618 981 1863 1047 ἐνεγκεῖν

256 1083 334 1137 τὰ
388 1082 790 1153 συμπίπτοντα,
840 1081 935 1133 καὶ
990 1078 1079 1132 διὰ
1134 1076 1336 1139 παντὸς
1386 1074 1548 1128 αὑτὸν
1593 1071 1857 1139 δοξάζειν.

272 1176 432 1229 Ἐπεὶ
472 1175 566 1228 καὶ
601 1177 628 1227 6
674 1171 794 1225 Ἰὼϐ
816 1172 923 1225 ἀπὸ
950 1170 1059 1224 τῶν
1091 1168 1347 1222 τοιούτων
1377 1164 1722 1235 ἐστεφανώθη
1759 1166 1856 1234 ρη-

261 1270 475 1340 μάτων.
544 1266 803 1336 Ἀνάμενε
868 1265 933 1335 δὴ
994 1264 1087 1317 καὶ
1135 1262 1235 1333 τὴν
1268 1261 1358 1314 ἐπὶ
1396 1259 1456 1312 τὸ
1494 1258 1857 1330 χρηστότερον

258 1358 590 1430 μεταϐολὴν,
656 1357 749 1409 καὶ
796 1354 870 1426 μὴ
919 1353 1170 1426 διαλίπῃς
1208 1352 1301 1405 τὸν
1328 1351 1460 1405 Θεὸν
1501 1349 1641 1420 ὑπὲρ
1663 1348 1853 1401 τούτου

254 1448 683 1522 παρακαλοῦσα,
723 1448 818 1500 καὶ
860 1446 1073 1517 γράψαι
1116 1446 1248 1516 ἡμῖν
1280 1436 1601 1505 σπούδασον,
1638 1443 1719 1494 ὅτι
1763 1439 1856 1508 γέ-

250 1540 385 1610 γονέ
418 1556 472 1591 τι
502 1538 663 1591 πλέον
695 1536 802 1590 ἀπὸ
824 1534 931 1588 τῶν
957 1532 1242 1605 ἡμετέρων
1274 1531 1614 1604 γραμμάτων
1645 1531 1725 1593 είς
1763 1529 1853 1582 εύ-

253 1629 464 1701 θυμίας
517 1646 599 1681 σοι
638 1627 818 1695 λόγον,
859 1626 972 1693 εἴγε
1009 1626 1084 1697 μὴ
1129 1623 1308 1695 βούλει
1346 1622 1533 1675 θολοῦν
1573 1621 1729 1691 ἡμῶν
1753 1620 1850 1692 τὴν

249 1718 622 1789 εὐφροσύνην.
668 1718 859 1789 Ἡμεῖς
896 1716 1004 1787 γάρ
1050 1714 1285 1770 ἐνταῦθα
1328 1714 1530 1784 πολλῆς
1584 1712 1851 1766 ἀπολαύοι

253 1820 362 1882 μεν
389 1810 603 1881 ἡδονῆς,
630 1808 1006 1881 ἐντρυφῶντες
1027 1810 1094 1878 τῇ
1124 1806 1383 1877 συνουσίᾳ.
1416 1805 1509 1857 τοῦ
1541 1805 1846 1873 ἀγιωτάτου

247 1903 583 1966 ἐπισκόπου,
619 1901 715 1954 καὶ
746 1903 811 1972 τῇ
846 1900 1047 1972 ἠσυχίᾳ
1074 1898 1168 1951 τοῦ
1197 1898 1396 1969 χωρίου
1423 1897 1635 1961 τούτου,
1661 1898 1756 1950 καὶ
1779 1900 1844 1969 τῇ

247 1994 424 2065 πολλῇ
469 1991 891 2064 ἀπραγμοσύνῃ.
941 1991 1051 2044 Καὶ
1092 1990 1199 2062 γὰρ
1252 1993 1280 2043 6
1318 1989 1426 2043 τῶν
1461 1989 1717 2061 Ἰσαύρων
1753 1990 1846 2043 πέρ

247 2103 461 2139 παυται
508 2084 691 2154 φόϐος,
738 2082 833 2137 τοῦ
875 2082 1145 2153 χειμῶνος
1186 2082 1384 2145 αὐτοὺς
1431 2080 1846 2143 συνελαύνοντος

244 2182 331 2242 εἰς
357 2180 457 2249 τὴν
480 2178 679 2233 αὐτῶν.
705 2176 798 2249 Μὴ
822 2177 885 2248 δὴ
908 2175 1175 2247 τοσαύτην
1203 2174 1445 2246 θολώσης
1470 2176 1597 2246 ἡμῖν
1623 2174 1841 2245 ἡδονήν.

246 2275 314 2327 Εἰ
367 2274 475 2345 γὰρ
512 2272 657 2325 ἔλθοι
685 2270 990 2344 γράμματα
1037 2269 1188 2342 παρά
1238 2272 1339 2340 τῆς
1389 2272 1488 2340 σῆς
1533 2269 1845 2339 τιμιότητος

244 2364 514 2437 δηλοῦντα
559 2366 711 2436 ἡμῖν,
756 2365 838 2417 ὅτι
869 2362 945 2427 ὥς
992 2379 1073 2415 σοι
1106 2362 1317 2433 πρέπον
1363 2361 1501 2426 ἐστὶ,
1543 2360 1638 2413 καὶ
1679 2359 1844 2426 ἀξίως

243 2459 351 2528 τῆς
379 2455 589 2527 ὑψηλῆς
626 2473 719 2509 σου
751 2454 978 2525 γνώμης
998 2453 1067 2507 τά
1105 2453 1488 2524 συμπίπτοντα
1519 2453 1725 2524 φέρεις,
1750 2453 1844 2504 καὶ

244 2546 500 2600 ἐντεῦθεν
535 2546 732 2618 πολλὴν
765 2545 1173 2618 καρπωσόμεθα
1211 2544 1475 2614 εὐθυμίας
1500 2544 1839 2615 προσθήκην.

245 2638 365 2707 Οὐχ
413 2637 486 2701 ώς
536 2637 695 2709 ἔτυχε
743 2637 853 2709 γὰρ
906 2639 1054 2709 ἡμᾶς
1095 2637 1432 2707 ἀνεκτήσατο
1478 2638 1510 2707 ἡ
1556 2636 1842 2705 ἐπωφελής

245 2727 509 2780 συνουσία
537 2726 629 2781 τοῦ
670 2728 978 2795 ἀγιωτάτου
1014 2725 1339 2789 ἐπισκόπου,
1385 2724 1461 2787 ὡς
1495 2724 1685 2786 ἄλλους
1725 2725 1839 2777 ἀντ’

241 2819 425 2873 ἄλλων
460 2820 644 2889 σχεδὸν
684 2818 1045 2892 ἐργάσασθαι,
1085 2819 1179 2872 καὶ
1219 2818 1292 2889 μὴ
1321 2816 1673 2888 συγχωρῆσαι
1705 2815 1839 2886 μηδέ

241 2912 501 2983 αἴσθησιν
524 2912 625 2981 τῆς
651 2910 809 2982 ξένης
838 2912 1042 2965 λαϐεῖν·
1070 2909 1305 2980 τοσαύτη
1338 2910 1486 2980 ἡμᾶς
1517 2907 1842 2979 περιστοιχί-

241 3003 399 3068 ζεται
428 3003 647 3072 ἀγαθῶν
676 3001 1006 3073 εύφροσύνη,
1037 3002 1131 3055 καὶ
1158 3001 1383 3063 πλοῦτος
1410 3001 1558 3070 ἡμᾶς
1586 3002 1840 3072 περιρρεῖ

241 3091 641 3163 πνευματικὸς,
682 3093 778 3146 καὶ
801 3092 892 3146 τὸν
930 3092 1061 3145 Θεὸν
1094 3090 1184 3144 διά
1205 3088 1377 3144 ταῦτα
1399 3088 1660 3159 διηνεκῶς
1682 3088 1837 3153 δοξά-

241 3184 433 3249 ζοντες
462 3184 521 3236 ού
546 3183 853 3253 παυόμεθα.

315 3320 499 3372 ΣΛΗ¹.
542 3316 659 3371 Τοῦ
689 3318 876 3371 αὐτοῦ
913 3316 1062 3386 πρὸς
1090 3317 1207 3387 τὴν
1246 3318 1525 3388 ἀδελφὴν
1554 3320 1762 3373 αὐτοῦ.

314 3457 546 3526 Συνάγει
579 3456 677 3527 μὲν
706 3456 853 3527 ἡμᾶς
880 3457 960 3519 εἰς
997 3455 1218 3525 ἀγάπην
1262 3456 1357 3509 καὶ
1403 3456 1617 3525 φύσεως
1647 3457 1833 3527 νόμος,

239 3549 342 3603 καὶ
364 3546 606 3601 τὸνλῦσαι
635 3546 734 3610 τὰς
758 3546 928 3610 αύτάς
955 3545 1173 3609 ὠδῖνας·
1205 3547 1364 3616 ἡμεῖς
1388 3546 1444 3599 δὲ
1466 3546 1565 3600 ούκ
1586 3547 1834 3600 ἐντεῦθεν

240 3639 429 3710 μόνον,
467 3637 604 3692 ἀλλά
638 3638 734 3691 xu).
781 3636 1072 3707 ἑτέρωθεν,
1120 3636 1215 3690 καί
1257 3636 1380 3689 ὅθεν
1426 3637 1660 3707 μάλιστα
1702 3640 1828 3711 χρὴ,

238 3734 343 3787 καὶ
372 3730 666 3803 αἰδούμεθα
710 3730 802 3783 καὶ
841 3728 1107 3799 φιλοῦμέν
1148 3744 1241 3781 σου
1267 3731 1363 3799 τὴν
1394 3729 1707 3801 τιμιότητα,
1749 3731 1833 3785 ὅτι

239 3844 331 3879 σοι
360 3826 468 3878 τῶν
494 3825 779 3894 παρόντων
812 3821 968 3891 λόγος
1013 3820 1209 3886 οὐδεὶς,
1240 3819 1320 3874 ὅτι
1348 3820 1437 3874 τὸν
1463 3822 1668 3874 καπνὸν
1696 3822 1830 3892 ἦλα-

239 3933 365 3980 σας,
394 3915 486 3967 καὶ
524 3914 623 3985 τὴν
659 3913 809 3967 κόνιν
838 3911 1093 3975 ἔσϐεσας,
1133 3911 1230 3964 καὶ
1262 3911 1353 3963 τὸν
1387 3911 1555 3981 πηλὸν
1592 3914 1832 3966 κατεπά-

235 4023 439 4076 τησας,
485 4005 582 4059 καὶ
629 4002 831 4072 κοῦφόν
876 4019 959 4055 σοι
1011 4001 1202 4071 γέγονε
1230 4001 1294 4055 τὸ
1332 4003 1530 4074 πτερὸν
1577 4004 1712 4073 πρὸς
1733 4004 1831 4075 τήν

236 4095 363 4151 ὁδὸν
388 4095 487 4166 τὴν
510 4098 592 4157 είς
618 4095 709 4149 τὸν
740 4093 968 4165 οὐρανὸν
1009 4092 1301 4165 φέρουσαν,
1346 4094 1439 4147 καὶ
1479 4092 1603 4147 οὔτε
1637 4095 1831 4166 ἀνδρὸς

240 4188 510 4258 μέριμνα,
558 4185 681 4239 οὔτε
733 4185 1123 4256 παιδοτροφίας
1178 4186 1417 4255 φροντὶς,
1471 4185 1594 4239 οὔτε
1651 4188 1829 4251 οἰκίας

146 4342 149 4343 ν
237 4277 552 4349 ἐπιμέλεια,
580 4276 703 4331 οῦτε
738 4280 766 4331 6
792 4277 1039 4331 ἐντεῦθεν
1068 4278 1383 4347 τικτόμενος
1413 4277 1641 4347 θόρυϐος
1674 4277 1825 4349 ἴσχυ-

239 4389 337 4425 σεν
378 4370 733 4424 ύποσκελίσαι
770 4388 851 4424 σοι
877 4370 969 4426 τὸν
1003 4369 1202 4440 δρόμον
1238 4374 1332 4422 καί
1365 4369 1699 4442 βραδύτερον
1735 4373 1826 4443 ἐρ-

236 4458 537 4526 γάσασθαι,
566 4457 679 4511 ἀλλ’
706 4459 890 4521 αὐτοῖς
925 4458 989 4529 δὴ
1022 4457 1232 4521 τούτοις
1261 4462 1373 4522 τοῖς
1401 4458 1651 4513 δοκοῦσιν
1684 4456 1826 4515 εἷναι

237 4549 561 4619 κωλύμασιν
588 4550 669 4612 είς
702 4549 884 4602 πλεῖον
911 4549 1077 4619 τάχος
1115 4546 1368 4621 πτήσεως
1396 4549 1686 4623 κέχρησαι·
1733 4553 1828 4606 καὶ

236 4639 365 4692 οὐδὲ
387 4640 420 4709 ἠ
444 4639 568 4701 τοὺς
588 4638 871 4707 γενναίους
896 4634 1153 4692 ταπεινοῦ
1162 4656 1229 4691 σα
1248 4638 1444 4711 ἄνδρας
1465 4639 1671 4710 (Πενία
1690 4642 1824 4711 γὰρ,

236 4730 430 4801 φησιν,
450 4729 638 4799 ἄνδρα
667 4728 956 4799 ταπεινοῖ)
984 4728 1169 4799 ἴσχυσε
1186 4732 1555 4797 κατενεγκεῖν,
1574 4730 1713 4783 ἀλλά
1735 4730 1829 4784 καὶ

237 4820 581 4892 ὑψηλοτέραν
603 4820 915 4891 εἰργάσατο.
950 4820 1201 4876 Τοιοῦτον
1237 4820 1343 4892 γάρ
1377 4822 1410 4891 ἡ
1435 4820 1629 4892 ἀρετή’
1651 4820 1828 4875 οὐδενὶ

232 4916 352 4970 τῶν
376 4914 649 4986 ἀραχνίων
688 4914 892 4967 τούτων
915 4911 1287 4983 ἐμποδίζεται,
1322 4911 1456 4965 ἀλλά
1485 4912 1579 4965 καί
1606 4910 1828 4966 διασπά-

236 5023 387 5059 σασα
422 5004 560 5058 αὐτά
591 5002 957 5075 εὐκολώτερον
986 5003 1020 5074 ἢ
1046 5001 1142 5067 τὰς
1173 5001 1414 5073 ἀράχνας
1439 4999 1661 5064 ταύτας,
1694 5001 1825 5071 κέρ-

229 5094 332 5157 δος
369 5092 618 5147 ἐντεῦθεν
670 5092 892 5162 συνάγει
940 5091 1097 5146 πολύ.
1144 5092 1329 5145 Ταῦτα
1364 5091 1463 5161 ούχ
1499 5091 1685 5154 ἁπλῶς
1725 5092 1825 5143 ἐπ-

231 5185 581 5257 εστάλκαμέν
602 5203 693 5239 σου
710 5190 778 5257 τῇ
800 5184 1094 5256 τιμιότητι,
1117 5183 1229 5237 ἀλλ’
1248 5183 1432 5253 ἐπειδὴ
1455 5181 1828 5254 στοχαζόμεθα

232 5266 336 5331 καὶ
356 5280 422 5349 τῇ
453 5278 733 5349 ἀποδημίᾳ
752 5280 819 5348 τῇ
854 5276 1116 5348 ἡμετέρᾳ,
1142 5275 1221 5346 τῷ
1255 5291 1313 5328 τε
1346 5273 1562 5346 θορύϐῳ
1588 5273 1699 5327 τῶν
1727 5273 1825 5326 αὑ·-

229 5368 356 5423 τόθι
392 5369 732 5441 πραγμάτων
762 5367 967 5439 σφόδρα
1002 5384 1062 5420 σε
1100 5364 1461 5437 ταράττεσθαι
1498 5366 1591 5419 καὶ
1619 5364 1821 5428 ἀλύειν,

224 5459 430 5516 τούτου
461 5459 618 5531 χάριν
660 5458 1016 5530 γεγράφαμέν
1052 5475 1145 5513 σου
1182 5460 1249 5529 τῇ
1288 5456 1565 5528 εὐλαϐείᾳ,
1606 5456 1692 5510 ἴνα
1740 5459 1827 5509 ὲν-

226 5552 481 5624 νοήσασα
504 5551 587 5605 ὅτι
607 5550 725 5613 ὁδὸς
750 5550 816 5604 τὰ
841 5549 1160 5621 πράγματα,
1197 5548 1355 5620 στενὴ
1389 5547 1541 5619 μένή
1568 5550 1665 5619 τῆς
1692 5547 1823 5619 ἀρε-

222 5648 355 5712 τῆς,
389 5641 617 5696 πλατεῖα
643 5640 796 5714 [753]
822 5640 879 5694 δὲ
909 5643 943 5712 ή
972 5643 1069 5714 τῆς
1103 5638 1339 5703 κακίας,’
1363 5640 1497 5710 μήτε
1525 5639 1650 5703 τοὺς
1684 5639 1823 5708 μετὰ

1735 408 2119 470 Εῐηςτοωζ.

3442 402 3551 455 ιιι

1972 510 2384 583 ἁμαρτημάτων
2408 511 2812 583 εὑημεροῦντας
2834 511 3104 584 ζηλώσῃς,
3123 510 3258 567 ἀλλὰ
3279 511 3557 585 δακρύσῃς

1974 603 2237 675 μειζόνως
2271 603 2503 673 (ἐφόδιον
2543 604 2652 675 γὰρ
2700 605 2882 669 αὐτοῖς
2919 605 3019 676 τῆς
3063 604 3335 674 τιμωρίας
3387 606 3421 674 ἡ
3466 606 3558 659 εὐ·

1968 695 2172 767 ημερία
2225 694 2476 765 γίνεται),
2538 696 2675 766 μήτε
2725 697 2852 760 τοὺς
2893 695 2992 767 τὴν
3038 696 3229 766 στενὴν
3277 695 3559 759 ὁδεύοντας

1966 787 2280 859 ταλανίσῃς,
2339 787 2474 841 ἀλλά
2532 788 2626 841 καὶ
2674 787 2986 859 μακαρίσῃς
3030 786 3310 859 μειζόνως,
3346 786 3412 842 ἂν
3440 790 3557 858 μετ’

1966 882 2168 952 ἀρετῆς
2200 879 2482 934 ὁδεύσωσι.
2532 880 2641 933 Καὶ
2680 880 2919 955 γάργκαὶ
2955 879 3163 943 τούτοις
3200 879 3430 948 ἐφόδιον,
3463 880 3557 933 καὶ

1968 972 2258 1042 προσθήκη
2286 971 2461 1042 τιμῶν
2493 972 2587 1024 καὶ
2620 971 2917 1040 στεφάνων,
2949 970 3087 1051 μετά
3109 973 3207 1042 τῆς
3229 972 3431 1043 ἀρετῆς
3460 973 3555 1025 καί

1962 1064 1995 1135 ἡ
2061 1064 2389 1135 στενοχωρία
2443 1063 2652 1132 γίνεται
2709 1062 2817 1116 τῶν
2876 1064 3173 1136 παρόντων·
3227 1063 3351 1116 ἐπεὶ
3398 1062 3491 1116 καὶ
3527 1065 3556 1116 6

1962 1153 2218 1220 πλούσιος
2250 1158 2455 1220 ἐκεῖνος
2489 1156 2549 1209 ού
2584 1154 2673 1208 διὰ
2707 1155 2866 1208 τοῦτο
2907 1156 3065 1226 μόνον
3097 1154 3551 1225 ἀπετηγανίζετο,

1958 1247 2039 1299 ὅτι
2074 1246 2224 1317 ώμὸς
2253 1247 2348 1301 καί
2367 1246 2732 1317 ἀπάνθρωπος
2759 1242 2849 1318 ἦν,
2880 1245 3017 1301 ἀλλά
3040 1247 3123 1300 ὃτι
3144 1248 3238 1300 καὶ
3262 1248 3318 1299 ἐν
3338 1245 3553 1317 πλούτῳ

1958 1337 2140 1407 πολλῷ
2176 1337 2400 1408 μείζονι,
2436 1339 2531 1391 καὶ
2561 1338 2752 1409 δαψιλῆ
2789 1337 3220 1409 παρατιθέμενος
3247 1336 3548 1408 τράπεζανο

1957 1426 1987 1479 6
2014 1428 2069 1481 δὲ
2092 1429 2342 1501 Λάζαρος
2373 1428 2459 1482 διὰ
2489 1429 2644 1481 τοῦτο
2667 1429 3046 1498 ἐστεφανοῦτο,
3079 1430 3160 1482 ὅτι
3193 1428 3331 1500 μετά
3352 1428 3553 1499 πολλῆς

1956 1521 2057 1591 τῆς
2101 1521 2401 1592 καρτερίας
2446 1520 2538 1573 τὸν
2563 1520 2799 1589 χαλεπὸν
2825 1519 2931 1572 τῶν
2961 1519 3133 1572 ἐλκῶν
3162 1521 3359 1591 ήνεγκε
3392 1521 3552 1573 πόλε-

1963 1628 2083 1681 μον,
2129 1610 2229 1679 τὴν
2270 1610 2479 1676 πενίαν,
2528 1610 2627 1680 τὴν
2667 1611 2905 1681 ἐρημίαν
2934 1611 3041 1664 τῶν
3068 1612 3548 1682 προστησομένων,

1955 1701 2016 1754 τὸ
2070 1700 2427 1773 ἀπερρίφθαι,
2480 1701 2542 1754 τὸ
2586 1702 3066 1771 καταφρονεῖσθαι,
3111 1702 3172 1755 τὸ
3221 1704 3548 1774 προκεῖσθαι

1952 1790 2199 1862 τράπεζα
2232 1795 2351 1855 ταῖς
2386 1791 2494 1846 τῶν
2518 1792 2697 1847 κυνῶν
2727 1791 3019 1861 γλώσσαις.
3063 1793 3251 1847 Ταῦτα
3276 1795 3386 1865 γὰρ
3412 1796 3551 1850 πάν-

1951 1900 2021 1935 τα
2060 1887 2108 1937 εί
2138 1884 2232 1936 κα)¹
2267 1883 2374 1953 πρὸ
2397 1882 2506 1937 τῶν
2536 1884 2819 1955 ἡμετέρων
2849 1884 3140 1937 ἐπίστασαι
3175 1886 3545 1957 γραμμάτων,

1951 1974 2065 2027 ἀλλ’
2108 1976 2403 2042 ἀναγκαῖον
2446 1969 2585 2027 εἶναι
2636 1974 2956 2045 νομίσαντες
3000 1976 3093 2028 καὶ
3138 1977 3269 2049 παρ’
3302 1976 3456 2048 ἡμῶν
3482 1994 3544 2031 σε

1953 2066 2489 2138 ἀναμιμνήσκεσθαι,
2527 2067 2958 2137 ἐπεστάλκαμεν,
2992 2066 3134 2120 ὥστε
3162 2070 3236 2139 μὴ
3264 2072 3329 2140 τῇ
3353 2086 3547 2142 τυραν-

1949 2159 2051 2212 νίδι
2080 2161 2180 2230 τῆς
2209 2158 2447 2228 ἀθυμίας
2478 2158 2782 2213 θολοῦσθαι.
2819 2160 2882 2212 Εἰ
2915 2159 3025 2230 γὰρ
3050 2160 3145 2214 καὶ
3172 2159 3247 2232 μὴ
3282 2161 3543 2233 βούλομαι

1950 2251 2129 2304 πάντα
2150 2250 2384 2304 ἐνθεῖναι
2402 2254 2515 2315 τοῖς
2536 2252 2879 2324 γράμμασιν,
2905 2249 3021 2307 οῖδα
3046 2254 3250 2323 σαφῶς,
3278 2256 3378 2309 ὅσα
3397 2257 3544 2328 ὑμᾶς

1950 2339 2279 2411 περιέστηκε
2338 2340 2577 2411 λυπηρά·
2627 2341 2718 2394 καὶ
2761 2341 2849 2395 διά
2890 2341 3048 2395 τοῦτο
3082 2344 3402 2416 προσέθηκα
3438 2347 3543 2419 τὴν

1946 2432 2253 2503 ἐπιστολήν.
2303 2432 2400 2486 Ἵν’
2443 2429 2537 2486 οὖν
2598 2433 2693 2487 καὶ
2740 2434 2798 2487 ἐν
2846 2432 3104 2507 ἀλλοτρίᾳ
3150 2435 3539 2509 διατρίϐοντες,

1946 2522 2147 2595 πολλῆς
2168 2524 2564 2596 ἀπολαύσωμεν
2589 2528 2688 2596 τῆς
2716 2525 2929 2597 ἡδονῆς,
2961 2525 3176 2597 πέμψον
3198 2529 3334 2598 ἡμῖν
3361 2529 3543 2601 γράμ-

1948 2630 2114 2684 ματα,
2148 2613 2412 2686 δηλοῦντα
2441 2616 2591 2687 ἡμῖν,
2623 2616 2706 2670 ὅτι
2735 2616 2953 2687 ίσχυσεν
2979 2617 3137 2688 ἡμῶν
3165 2618 3305 2690 αὕτη
3335 2621 3368 2691 ἡ
3400 2637 3543 2693 παρ-

1943 2708 2169 2769 αίνεσις,
2234 2707 2359 2760 ὅσον
2399 2706 2734 2778 ἐϐουλόμεθα
2784 2708 2878 2761 καὶ
2919 2708 3322 2781 ἐπεθυμοῦμεν.
3381 2711 3540 2767 Οὕτω

1908 2793 2051 2864 ,γὰρ
2090 2795 2185 2847 καὶ
2217 2795 2405 2867 πόρρω
2434 2795 2754 2866 καθήμενοι,
2792 2797 2992 2869 πολλὴν
3030 2800 3282 2855 ἐντεῦθεν
3306 2820 3537 2874 καρπω-

1944 2883 2150 2955 σόμεθα
2189 2886 2288 2955 τὴν
2332 2886 2690 2957 εὐφροσύνην.
2726 2887 2918 2959 Ἡμεῖς
2946 2889 3055 2961 γάρ
3091 2891 3269 2946 καίτοι
3298 2893 3536 2949 τοσαῦτα

1942 2976 2293 3043 πεπονθότες,
2334 2978 2548 3041 ούδενδς
2585 2978 2975 3050 αἰσθανόμεθα,
3000 2972 3093 3037 τόν
3123 3000 3185 3036 τε
3223 2984 3413 3055 μισθὸν
3446 2987 3536 3040 ἐν·

1942 3069 2188 3132 νοοῦντες
2228 3065 2303 3124 ὧν
2336 3072 2632 3143 ἐπάθομεν,
2667 3072 2762 3126 καὶ
2802 3073 3063 3144 ταχίστην
3101 3076 3194 3128 ἐπὶ
3237 3076 3300 3128 τὸ
3329 3077 3536 3148 βέλτιον

1945 3162 2247 3234 μεταϐολὴν
2279 3164 2348 3217 τά
2373 3164 2675 3235 πράγματα
2706 3164 3113 3235 προσδοκῶντες
3146 3167 3432 3238 λήψεσθαι,
3458 3170 3534 3234 ὡς

1940 3257 2033 3308 καὶ
2059 3258 2201 3310 αύτά
2233 3258 2303 3311 τὰ
2335 3257 2599 3328 προοίμια
2625 3257 2887 3311 δείκνυσι.
2924 3258 3096 3313 Ταῦτ’
3127 3256 3220 3313 οῦν
3257 3261 3350 3314 καὶ
3393 3263 3534 3334 αὐτη

1940 3347 2293 3420 λογιζομένη.
2347 3349 2512 3421 μηδὲν
2564 3350 3054 3423 καταμαλακισθῇς
3095 3352 3233 3424 πρὸς
3278 3351 3405 3417 τοὺς
3434 3357 3533 3426 τῆς

1939 3440 2214 3509 ὑπομονῆς
2259 3438 2507 3509 ἱδρῶτας,
2557 3440 2695 3493 ἀλλά
2735 3441 2845 3494 τῶν
2883 3459 2944 3494 τε
2976 3441 3153 3497 ἄλλων
3184 3459 3279 3497 σου
3305 3444 3533 3499 παιδίων

1937 3532 2201 3601 ἐπιμελοῦ
2233 3531 2456 3602 (πλείων
2486 3531 2596 3600 γάρ
2623 3548 2705 3584 σοι
2737 3530 2832 3585 νῦν
2864 3534 2893 3585 6
2929 3533 3166 3605 μισθὸς),
3190 3535 3285 3588 καὶ
3311 3535 3411 3607 τὴν
3435 3552 3532 3589 κα-

1935 3621 2033 3689 λὴν
2096 3621 2408 3690 Ἐπιφάνιον
2465 3621 2606 3674 κατά
2656 3621 2735 3692 τῷ
2781 3621 2900 3692 Θεῷ
2957 3623 3148 3677 δοκοῦν
3206 3626 3531 3697 ἀνατρέφειν

1937 3711 2227 3776 σπούδαζε.
2268 3708 2438 3765 υἷσθα
2480 3713 2589 3784 γὰρ
2621 3713 2743 3776 ὅσος
2770 3712 3156 3784 παιδοτροφίας
3186 3716 3397 3784 μισθός.
3427 3718 3532 3771 Οὔ-

1932 3821 2042 3867 τως
2075 3805 2103 3855 6
2137 3803 2390 3873 Ἀϐραὰμ
2418 3803 2752 3875 ηὐδοκίμησε
2786 3804 2925 3873 μετά
2957 3805 3067 3859 τῶν
3094 3805 3290 3868 ἄλλων,
3326 3808 3422 3861 καὶ
3451 3811 3533 3863 ἐν·-

1932 3895 2123 3948 τεῦθεν
2168 3898 2197 3948 ὁ
2228 3894 2349 3947 Ἰὼϐ
2382 3894 2763 3963 ἐστεφανοῦτο·
2817 3895 2912 3947 καὶ
2957 3898 3069 3959 τοῖς
3119 3897 3337 3965 γονεῦσι
3372 3898 3530 3953 τοῦτο

1903 3984 2171 4053 ’συνεχῶς
2192 3987 2220 4037 6
2246 3985 2512 4054 μακάριος
2535 3982 2744 4045 Παῦλος
2772 3983 3050 4036 ἐπιτάττει
3069 3982 3263 4051 λέγων·
3307 3983 3530 4054 Ἐκτρέ-

1932 4094 2073 4146 ξρετε
2084 4076 2157 4131 τὰ
2168 4076 2347 4130 τέκνα
2364 4074 2530 4143 ὑμῶν
2538 4074 2608 4127 ἐν
2620 4073 2854 4139 παιδείᾳ
2868 4073 2966 4126 καί
2977 4075 3267 4141 νουθεσίᾳ
3277 4076 3523 4143 Κυρίου.

1936 4170 2121 4239 Ἔχεις
2166 4167 2360 4238 σχολὴν
2422 4164 2610 4234 ἱκανὴν
2655 4165 2965 4233 ἀπαγαγεῖν
3012 4181 3074 4216 σε
3114 4165 3223 4219 τῶν
3257 4167 3526 4238 περιττῶν

1933 4262 2028 4319 καὶ
2084 4262 2330 4330 ἀκαίρων
2383 4258 2678 4329 φροντίδων
2743 4258 2839 4311 καὶ
2888 4257 2989 4333 τῆς
3018 4260 3275 4329 ἀνονήτου
3323 4259 3522 4331 λύπης,

1926 4353 2131 4424 σχολὴν
2153 4353 2287 4405 πολὺ
2321 4351 2591 4422 φέρουσαν
2612 4349 2824 4420 κέρδος,
2859 4349 3079 4420 μεγάλῳ
3101 4348 3180 4420 τῷ
3207 4350 3307 4421 τῆς
3324 4351 3524 4423 ἀρετῆς

1931 4445 2236 4515 δυναμένην
2268 4443 2452 4514 βρύειν
2479 4440 2697 4514 καρπῷ,
2727 4441 2845 4510 εἴγε
2875 4440 3196 4512 βουληθείης
3223 4440 3383 4512 ἔργον
3403 4443 3526 4495 τοῦ·

1927 4555 1991 4591 το
2019 4536 2369 4608 ποιήσασθαι.
2411 4536 2548 4605 Περὶ
2577 4534 2686 4604 γὰρ
2713 4537 2812 4604 τῆς
2842 4533 3130 4604 δεσποίνης
3155 4551 3257 4605 μου
3284 4537 3385 4605 τῆς
3421 4552 3525 4607 μη-

1928 4630 2057 4701 τρὸς
2079 4629 2230 4683 οὐδὲν
2259 4624 2414 4699 οἶμαι
2437 4626 2546 4680 δεῖν
2578 4625 2698 4678 ούδέ
2726 4624 3085 4691 ἐπιστέλλειν,
3113 4625 3411 4697 ἐπειδήπερ
3439 4644 3520 4682 σοι

1930 4723 2145 4776 σύνοιδα
2189 4721 2329 4793 μετὰ
2363 4719 2476 4774 τῶν
2522 4717 2699 4773 ἄλλων
2742 4718 2837 4771 καὶ
2878 4716 3038 4771 τοῦτο
3067 4717 3132 4771 τὸ
3167 4719 3516 4791 κατόρθωμα,

1928 4815 2024 4868 καὶ
2060 4814 2151 4867 τὸν
2182 4815 2387 4884 ἄφατον
2432 4809 2682 4865 ἐντεῦθεν
2703 4807 2935 4880 καρπὸν,
2971 4810 3066 4863 καὶ
3102 4810 3183 4863 ὅτι
3227 4810 3518 4882 παιδίσκην

1929 4907 2150 4962 ἃπασαν
2195 4904 2630 4976 ὑπερηκόντισας
2669 4902 2727 4955 ἐν
2766 4903 2833 4973 τῇ
2875 4902 3002 4973 περὶ
3027 4900 3196 4973 αὐτὴν
3228 4901 3511 4975 θεραπείᾳ.

1940 4998 2082 5052 Ἀλλ’
2108 4999 2259 5070 ὅμως
2290 4997 2476 5069 ἐπειδὴ
2507 4997 2717 5067 πρέπον
2745 4995 2870 5066 ἐμοὶ
2905 4994 3000 5048 καὶ
3032 4994 3158 5066 περὶ
3181 4993 3371 5047 τούτου
3398 4994 3515 5046 δια-

1924 5088 2203 5161 λεχθῆναι,
2238 5088 2467 5142 ἄκουσον
2497 5085 2588 5140 τοῦ
2624 5087 2889 5159 μακαρίου
2924 5084 3136 5138 Παύλου
3166 5085 3416 5153 λέγοντος
3436 5102 3516 5139 τι-

1918 5182 2035 5251 Δμᾷν
2058 5181 2185 5244 τοὺς
2200 5179 2414 5249 γονέας,
2434 5180 2528 5233 καί
2547 5178 2950 5251 προστιθέντος·
2975 5177 3138 5243 "Huc
3160 5177 3333 5231 ἐστιν
3350 5176 3514 5231 ἐντο-

1921 5270 2004 5339 λὴ
2032 5270 2230 5340 πρώτη
2257 5272 2327 5324 ἐν
2361 5270 2767 5339 ἐπαγγελίαις.
2795 5269 2894 5322 Ἂν
2925 5267 3066 5322 οὕτω
3105 5268 3308 5340 σαυτὴν
3345 5268 3507 5341 ἀγῃς,

1912 5363 2152 5426 ’πολλοὺς
2200 5363 2298 5434 μὲν
2364 5365 2533 5434 σαυτῇ
2593 5361 2954 5434 προαποθήσῃ
3010 5360 3136 5425 τοὺς
3189 5359 3506 5428 στεφάνους,

1923 5453 2122 5525 πολλὴν
2170 5454 2225 5506 δέ
2271 5455 2401 5525 ἡμῖν
2442 5453 2654 5527 ἐργάσῃ
2690 5453 2790 5524 τὴν
2821 5451 3040 5523 ἡδονὴν,
3083 5450 3317 5511 καὶούδὲ
3354 5449 3504 5523 [.734]

1922 5544 2249 5598 πεπονθέναι
2269 5561 2323 5597 τι
2345 5543 2548 5599 τούτων
2574 5544 2890 5616 ἡγησόμεθα
2914 5536 2989 5596 ὧν
3015 5541 3380 5611 πεπόνθαμεν,
3409 5544 3504 5609 καὶ

1919 5636 2007 5690 διά
2032 5633 2213 5705 τοῦτο,
2257 5626 2395 5690 ἀλλά
2438 5636 2519 5707 τῷ
2559 5633 2713 5707 ϐγκῳ
2749 5638 2851 5707 τῆς
2880 5632 3219 5705 εὐφροσύνης
3254 5633 3362 5687 τῶν
3395 5633 3505 5688 σῶν

299 5796 319 5818 ⁸
354 5802 486 5857 Haec.
504 5803 586 5851 τὸν
604 5800 942 5864 ϐουλεύσαντα,
955 5799 1033 5849 τὸν
1044 5801 1251 5859 δεθέντα,
1264 5800 1435 5860 αυίεὶη
1448 5798 1583 5848 cdilo
1593 5797 1818 5858 deerant,

1942 5793 2103 5855 Regio
2123 5790 2292 5841 codice
2317 5790 2575 5852 desumpta
2598 5793 2731 5839 sunt.
