3950 6374
466 395 574 452 745

466 507 689 579 ἀγαθῶν
714 506 911 580 πτερού
923 523 1090 577 μενοι,
1115 505 1210 559 καὶ
1230 505 1312 566 είς
1333 501 1402 554 τά
1419 502 1593 554 οἰκεῖα
1618 494 1777 559 εἶναι,
1807 497 1898 550 καὶ
1925 496 2043 565 μεθ’

466 599 622 673 ὑμῶν
654 599 882 666 διάγειν,
918 597 1010 650 καὶ
1047 595 1188 649 κατά
1215 595 1344 665 ροῦν
1368 585 1498 662 ἡμῖν
1535 591 1749 644 ἅπαντα
1783 586 2046 658 φέρεσθαι

467 689 812 763 ἡγησόμεθα.

465 788 642 841 ΣΛθ.
684 781 796 837 Τοῦ
831 779 1016 835 αὐτοῦ
1049 778 1198 848 πρὸς
1227 777 1554 842 Οὐαλέριον
1585 771 1682 828 καί
1720 775 2048 842 Διόφαντον

1015 847 1481 916 πρεσϐυτέρους.

533 945 788 999 Μάλιστα
838 944 936 1014 μὲν
982 942 1078 994 καὶ
1129 941 1204 1012 μὴ
1257 941 1535 1010 γράψαντι
1597 933 1800 1006 γράψαι
1857 933 2043 1002 ἐχρῆν·

462 1036 700 1099 τοιοῦτος
771 1035 876 1106 γὰρ
929 1036 1029 1104 τῆς
1065 1033 1284 1102 ἀγάπης
1338 1034 1366 1084 6
1417 1030 1600 1100 νόμος’
1647 1028 1747 1080 οὐκ
1798 1025 2048 1094 ἀνέχεται

463 1128 842 1192 ἐλαττοῦσθαι,
879 1127 992 1181 ἀλλ’
1023 1127 1112 1179 ἀεὶ
1149 1125 1443 1194 φιλονεικεῖ
1473 1125 1627 1193 νικᾷν
1661 1121 1787 1183 τοὺς
1818 1121 2044 1187 ἀγαπω-

467 1221 659 1291 μένους
677 1223 744 1291 τῇ
776 1218 1064 1290 περιουσίᾳ
1092 1217 1184 1269 τοῦ
1214 1217 1406 1284 φιλεῖν·
1439 1215 1533 1268 κα)⁵
1557 1213 1843 1285 γράψαντα
1867 1210 1924 1264 δὲ
1953 1210 2046 1263 καὶ

467 1308 630 1377 ἅπαξ,
672 1313 770 1366 καὶ
804 1311 906 1374 δὶς,
957 1310 1078 1362 οὐδὲ
1121 1307 1294 1370 οὕτως
1329 1303 1599 1376 ἠξιώσατε
1637 1304 1744 1358 τῶν
1768 1301 2047 1372 ὑμετέρων

463 1403 826 1476 γραμμάτων,
853 1401 967 1454 ἀλλ’
991 1401 1280 1467 ἐσιγὴσατε
1316 1397 1473 1465 σιγὴν
1503 1395 1646 1450 οὕτω
1673 1393 1888 1465 μακράν
1910 1394 2047 1464 πρὸς

463 1492 752 1562 ἄνθρωπον
801 1489 1175 1560 ἐπιθυμοῦντα
1224 1486 1474 1557 δέχεσθαι
1517 1486 1740 1554 νιφάδας
1782 1484 2047 1554 γραμμά-

463 1597 592 1635 των.
620 1581 731 1635 Kal
759 1581 929 1634 ταῦτα
951 1580 1052 1632 οὐκ
1072 1578 1320 1648 ἐγκαλῶν
1349 1576 1512 1644 λέγω·
1548 1578 1647 1646 οὐχ
1675 1575 1847 1638 οῦτως
1867 1573 2046 1643 ἀγνοῶ

470 1688 568 1744 μου
602 1672 670 1726 τά
709 1674 900 1743 μέτρα·
947 1671 1062 1725 ἀλλ’
1105 1670 1331 1741 ἀθυμῶν
1376 1671 1469 1722 καὶ
1509 1669 1862 1738 ὀδυνώμενος.
1898 1668 2046 1737 Ὃσῳ

462 1767 574 1838 γάρ
609 1765 747 1836 μετά
771 1765 970 1835 πολλῆς
996 1768 1096 1835 τῆς
1126 1762 1435 1834 ὑπερϐολῆς
1465 1758 1847 1831 ἐπιθυμῶ’τῶν
1873 1776 2049 1831 γραμ-

466 1858 673 1928 μάτων,
700 1856 938 1926 τοσούτῳ
975 1857 1071 1910 καὶ
1108 1855 1331 1908 πλείονα
1367 1853 1464 1924 τὴν
1493 1853 1685 1924 ὀδύνην
1713 1851 2046 1922 ἀποστερούο

465 1965 623 2018 μενος
653 1948 835 2002 αὐτῶν
867 1947 1146 2017 ὑπομένω.
1179 1947 1399 2014 Μικρᾶς
1436 1944 1614 1998 οἴεσθε
1649 1942 2047 2014 παρακλήσεως

460 2039 608 2110 ἡμᾶς
640 2038 869 2103 δεῖσθαι,
919 2037 1124 2110 μητρὸς
1167 2038 1260 2091 καὶ
1300 2035 1536 2106 ἀδελφῆς
1586 2035 2043 2106 κεχωρισμένους,

459 2128 716 2200 πατρίδος
744 2125 1192 2189 ἐκπεπτωκότας,
1225 2124 1383 2194 χορὸν
1416 2122 1686 2176 τοσούτων
1719 2121 1957 2192 γνησίων
1983 2121 2044 2173 ού

456 2219 789 2289 δυναμένους
823 2218 1058 2288 βλέπειν,
1107 2219 1344 2288 ἐρημίαν
1383 2215 1667 2279 οἰκοῦντας
1697 2215 1878 2284 πάσης
1917 2216 2047 2284 ἐρη-

460 2311 591 2380 μίας
616 2312 1029 2381 χαλεπωτέραν,
1063 2311 1205 2365 Ἰσαύ
1216 2328 1322 2381 ρων
1349 2311 1497 2380 φόϐῳ
1525 2307 2043 2378 πολιορκουμένους;

455 2401 613 2455 Μετά
647 2400 758 2453 τῶν
801 2400 951 2470 ἐμῶν
992 2402 1087 2455 καὶ
1127 2402 1197 2454 τά
1232 2401 1390 2454 κοινά
1426 2400 1547 2454 καθ’
1573 2399 1809 2468 ἑκάστην
1834 2399 2048 2470 ἡμέραν

456 2489 642 2545 ἀκούω
707 2491 778 2544 τά
829 2490 996 2555 κακὰ,
1061 2491 1155 2544 κού⁴
1223 2490 1502 2561 πανταχοῦ
1563 2491 1662 2561 τῆς
1725 2491 2050 2561 οίκουμένης

455 2583 850 2651 βλαστάνοντα,
891 2583 986 2636 καὶ
1029 2582 1154 2636 καθ’
1183 2583 1420 2653 ἑκάστην
1454 2583 1666 2653 ἡμέραν
1707 2581 1846 2653 μετά
1875 2599 2047 2654 προσ-

457 2677 633 2748 θήκης
674 2671 1040 2744 αὐξανόμενα,
1076 2674 1171 2727 καὶ
1208 2673 1421 2743 χαλεπά
1437 2691 1557 2728 τινα
1589 2672 1843 2730 ὠδίνοντα
1880 2674 2050 2728 ναυά·

459 2781 578 2834 για.
611 2762 739 2816 Είθε
786 2782 877 2834 μοι
905 2765 1127 2817 δυνατὸν
1169 2760 1238 2834 ἦν
1284 2765 1637 2836 παραστῆσαι
1675 2765 1753 2836 τῷ
1784 2765 1926 2836 λόγῳ
1946 2766 2047 2836 τῆς

455 2853 695 2927 ἀθυμίας
736 2855 835 2926 τὴν
878 2856 1201 2927 τυραννίδα’
1249 2856 1373 2909 τότε
1407 2858 1496 2922 ἂν,
1541 2859 1636 2910 καὶ
1677 2857 1752 2928 μὴ
1779 2857 2046 2926 λεγόντων

454 2946 632 3016 ἡμῶν,
662 2946 819 3000 αὐτοὶ
838 2945 904 2999 ἂν
941 2945 1248 3016 μετέγνωτε
1280 2946 1372 2999 ἐπὶ
1395 2948 1462 3017 τῇ
1496 2949 1642 3016 σιγῇ.
1678 2947 1855 2999 Δυπεῖ
1882 2947 1940 3000 δέ
1977 2963 2046 3017 με

454 3042 592 3113 πρὸς
639 3041 851 3104 τούτοις
901 3041 963 3094 τὸ
1007 3043 1146 3112 μήτε
1191 3042 1272 3105 είς
1319 3041 1812 3112 γραμματηφόρων
1844 3043 2045 3096 σπάνιν

455 3133 678 3201 ἔχοντας
721 3135 1062 3200 καταφυγεῖν
1097 3130 1258 3185 τοῦτο
1303 3133 1546 3202 ποιῆσαι.
1595 3133 1773 3204 Ὅπερ
1821 3131 2046 3203 σημεῖόν

455 3223 604 3275 ἐστιν
730 3221 846 3274 ἀλλ’
888 3221 1000 3288 ἐγὼ
1052 3221 1154 3292 μὲν
1200 3221 1353 3274 οὐδὲν
1402 3221 1468 3275 ἂν
1511 3221 1722 3291 εἴποιμι
1763 3221 2044 3290 δυσχερὲς,

456 3311 590 3381 ὑμῖν
634 3311 691 3365 δὲ
747 3313 1146 3382 καταλιμπάνω
1187 3313 1408 3377 είδέναι,
1448 3315 1496 3366 εἰ
1530 3314 1604 3384 μὴ
1636 3313 1838 3384 πολλῆς
1873 3312 2046 3367 ταῦτα

456 3401 772 3471 ὀλιγωρίας,
830 3403 926 3456 καὶ
980 3403 1084 3472 τῆς
1137 3403 1262 3458 καθ’
1314 3405 1472 3476 ἡμῶν
1521 3404 1844 3475 ὑπεροψίας.
1906 3404 2044 3457 Ἀλλ’

457 3491 610 3546 οὐδέν
634 3509 724 3563 μοι
751 3492 909 3548 τοῦτο
949 3494 1100 3564 μέλει
1123 3491 1169 3559 ⁸,
1203 3494 1305 3549 κᾶν
1326 3493 1723 3566 καταφρονῆτε,
1752 3495 1852 3550 κᾶν
1880 3496 2046 3567 ὑπερο

457 3589 622 3660 ορᾶτε
650 3589 749 3659 τῆς
783 3590 1058 3662 ἡμετέρας
1093 3591 1478 3662 σμικρότητος⁹
1502 3591 1560 3644 ἓν
1586 3591 1829 3664 ἐπιζητῶ
1859 3592 2041 3667 μόνον,

458 3682 608 3745 ὅπως
654 3682 722 3736 ἂν
770 3682 1086 3754 διακέησθε,
1121 3684 1190 3738 τά
1241 3684 1548 3754 γράμματα
1593 3687 1693 3755 τῆς
1737 3683 2046 3748 θεοσεϐείας

458 3771 636 3842 ὑμῶν,
681 3773 750 3826 τά
793 3773 995 3844 πολλὴν
1029 3773 1220 3844 ἔχοντα
1256 3775 1620 3845 παράκλησιν.
1658 3775 1769 3828 Καὶ
1806 3775 1912 3846 γάρ
1949 3777 2043 3827 καὶ

458 3858 542 3926 εἷς
575 3863 670 3916 καὶ
698 3863 951 3932 δεύτερος
985 3863 1243 3928 πολλάκις
1273 3864 1530 3933 ἀφίκοντο
1564 3865 1700 3936 πρὸς
1731 3867 1900 3936 ἡμᾶς,
1947 3866 2043 3919 καὶ

459 3951 554 4005 νῦν
582 3953 611 4004 6
634 3951 824 4023 κύριός
856 3970 958 4023 μου
983 3956 1011 4006 6
1037 3953 1366 4024 τιμιώτατος
1393 3956 1619 4025 ἀδελφὸς
1643 3959 1917 4022 Λιϐάνιος.
1947 3959 2043 4013 καὶ

459 4045 559 4099 οὐκ
585 4043 853 4114 ἠξιώσατε
895 4047 1044 4116 ἡμᾶς
1085 4046 1194 4099 τῶν
1231 4047 1510 4120 ὑμετέρων
1544 4051 1906 4121 γραμμάτων.
1949 4051 2040 4122 Μὴ

459 4135 522 4205 δὴ
556 4136 852 4206 προσθῆτε,
904 4137 1230 4206 παρακαλῶ,
1272 4142 1338 4209 τῇ
1387 4139 1594 4210 ἀθυμίᾳ
1645 4159 1746 4212 μου
1803 4142 2044 4212 ἀθυμίαν

460 4225 675 4298 ἑτέραν.
732 4227 797 4279 Ei
844 4227 954 4298 γὰρ
1013 4227 1146 4298 μηδὲ
1192 4229 1331 4293 μετά
1357 4231 1456 4300 τὴν
1501 4231 1790 4302 ἐπιστολὴν
1839 4233 2044 4303 ταύτην

461 4314 814 4386 βουληθείητε
845 4318 976 4386 ἡμῖν
1004 4317 1328 4384 ἐπιστεῖλαι,
1359 4320 1391 4389 ἥ
1418 4320 1582 4390 δκνῳ,
1619 4320 1652 4390 ἢ
1693 4321 1935 4394 ῥᾳθυμίᾳ
1955 4326 2044 4376 ὲν-

463 4406 661 4472 δόντες,
716 4408 878 4477 ἡμεῖς
929 4408 987 4460 οὐ
1031 4407 1355 4479 παυσόμεθα
1388 4410 1416 4450 δ
1446 4411 1542 4466 καὶ⁹
1579 4412 1904 4483 γράφοντες,
1948 4415 2044 4468 καὶ

465 4497 606 4570 μετά
633 4496 727 4552 τοῦ
757 4497 992 4568 γράφειν
1027 4499 1121 4551 καὶ
1155 4498 1540 4571 ὀλοφυρόμενοι
1577 4502 1672 4556 καὶ
1723 4503 2042 4574 θρηνοῦντες

463 4587 550 4644 8ιά
587 4587 685 4658 τὴν
723 4590 883 4661 σιγὴν
908 4590 1008 4660 τὴν
1043 4590 1334 4662 ὑμετέραν.
1357 4594 1561 4648 Τούτου
1599 4594 1708 4664 γάρ
1741 4597 1908 4664 ἐσμεν
1941 4595 2042 4648 κύ-

462 4694 590 4746 ριοι.
628 4678 702 4733 Οὐ
740 4679 936 4751 μικρὸν
969 4679 1026 4732 δὲ
1059 4680 1155 4732 καὶ
1187 4679 1343 4733 τοῦτο
1383 4683 1514 4752 ἡμῖν
1561 4684 1641 4746 είς
1674 4683 2042 4755 παράκλησιν,

466 4767 664 4836 μᾶλλον
702 4769 758 4820 δὲ
790 4771 884 4823 καὶ
916 4770 1105 4823 τούτου
1138 4771 1306 4842 χωρὶς
1338 4773 1372 4842 ἡ
1407 4773 1635 4842 μεγίστη
1674 4773 1831 4843 ἡμῶν
1863 4793 2043 4847 παρα-

467 4857 657 4929 μυθία,
688 4860 750 4912 τὸ
772 4862 934 4931 μέχρι
959 4866 1056 4933 τῆς
1077 4865 1314 4933 ἐρημίας
1337 4864 1509 4934 αὐτ-ῆς
1540 4867 1635 4920 καὶ
1655 4866 1764 4919 τῶν
1790 4869 2045 4931 περάτων

463 4956 565 5023 τῆς
592 4955 694 5023 γῆς
718 4955 874 5023 (πρὸς
895 4955 1004 5027 γὰρ
1025 4957 1164 5011 αὺτά
1184 4956 1255 5010 τά
1280 4957 1494 5028 πέρατα
1520 4960 1703 5028 σχεδόν
1731 4962 1896 5031 ἐσμεν
1925 4963 2042 5035 νῦν)

466 5043 655 5112 φήμην
688 5044 840 5114 ὑμῶν
869 5045 1188 5101 διαδίδοσθαι
1212 5047 1490 5118 λαμπρὰν,
1528 5051 1860 5120 κομίζουσαν
1889 5053 2044 5121 ὑμῶν

467 5133 620 5207 [755]
645 5135 713 5188 τὰ
738 5137 1156 5208 κατορθώματα.
1192 5141 1400 5204 Πάντες
1424 5140 1530 5212 γὰρ
1557 5143 1701 5212 ὑμᾶς
1731 5144 2043 5216 ἀνακηρύτ-

465 5241 640 5289 τουσι,
677 5224 1036 5296 θαυμάζουσι,
1076 5230 1418 5298 στεφανοῦσι,
1447 5233 1808 5302 μακαρίζουσι
1830 5235 1929 5305 τῆς
1952 5237 2046 5292 ἀν-

464 5315 667 5388 δρείας,
699 5320 796 5389 τῆς
824 5321 1196 5392 στερρότητος,
1220 5326 1285 5395 ῆν
1314 5324 1400 5378 διὰ
1426 5324 1537 5379 τῶν
1559 5325 1734 5398 ἔργων
1767 5327 2044 5396 ἐπεδείξα-

469 5410 583 5475 σθε,
622 5411 684 5464 τὸ
714 5413 986 5482 γραφικὸν
1010 5414 1184 5470 ἐκεῖνο
1212 5417 1566 5489 πληροῦντες,
1599 5421 1753 5487 Ἕως
1782 5422 2043 5478 θανάτου

464 5500 754 5572 ἀγώνισαι
798 5503 951 5572 ὑπὲρ
988 5503 1098 5574 τῆς
1131 5507 1436 5574 ἀληθείας,
1472 5511 1572 5565 καί
1611 5513 1822 5580 Κύριος
1859 5516 2042 5567 πολε-

460 5593 643 5656 μήσει
693 5595 845 5664 ὑπὲρ
875 5596 991 5651 σοῦ
1021 5608 1067 5652 ο.
1115 5598 1248 5652 Ἰδοὺ
1293 5601 1422 5667 γοῦν
1462 5603 1728 5659 τοσούτων
1784 5605 2042 5677 κυμάτων

529 5717 552 5782 f'
579 5717 700 5782 διες.
725 5717 896 5782 τούτου
917 5722 1060 5782 μέλει.

531 5774 691 5840 ἒΒθῐζ
729 5774 992 5840 πανὸμεθαο

531 5833 552 5859 ε
581 5833 708 5900 Rei.
736 5833 1026 5901 ιπιρίμῶν.

1146 389 1205 442 S.
1244 385 1526 442 JOANNIS
1565 377 2051 438 CIIIH'SOSTOMI
2089 374 2408 429 AHCIIIEP.
2446 369 3001 429 CONSTANTINOP.

3623 367 3717 421 746

2148 491 2564 562 ἐπενεχθέντων,
2618 487 2884 558 τοσαύτης
2945 485 3111 556 ζάλης
3161 484 3550 552 διαναστάσης,
3601 483 3717 536 οὔτε

2147 582 2446 656 θορυϐῆσαί
2477 600 2561 646 τις
2595 583 2738 652 ὑμᾶς
2769 581 3007 650 ἴσχυσεν,
3043 577 3165 633 οὒτε
3211 581 3290 640 είς
3320 577 3503 631 ὁτιοῦν
3542 594 3718 648 παραυ

2146 674 2366 744 ϐλάψαι,
2399 675 2534 728 ἀλλὰ
2579 675 2673 730 καὶ
2720 671 2982 743 μειζόνων
3013 671 3140 741 ὑμῖν
3171 669 3463 740 ἐγκωμίων
3501 669 3723 731 ἄκοντες

2145 768 2430 835 γεγόνασιν
2464 768 2512 819 οἱ
2543 767 2730 828 κακῶς
2758 766 2901 835 ὑμᾶς
2939 764 3160 834 ποιῆσαι
3200 761 3514 832 βουλόμενοι
3541 762 3722 814 αῖτιοι.

2144 856 2244 910 Διά
2294 857 2468 910 ταῦτα
2516 858 2758 928 χαίρετε,
2805 854 3125 928 παρακαλῶ,
3180 853 3272 905 καὶ
3342 851 3721 922 εὐφραίνεσθε,

2144 947 2346 1002 καὶτὸν
2375 948 2507 1001 Θεὸν
2547 949 2877 1011 ἱκετεύοντες
2910 947 2983 1018 μὴ
3007 945 3308 1014 διαλίπητε,
3347 944 3439 996 τὸν
3469 944 3724 996 ποιοῦντα

2145 1040 2238 1092 καὶ
2279 1040 2770 1109 μετασκευάζοντα.
2803 1039 3025 1109 Ποιὴσει
3068 1037 3177 1107 γὰρ
3205 1036 3416 1106 ταχέως
3454 1035 3596 1106 ὑπὲρ
3634 1037 3725 1088 ἐκ·

2145 1128 2408 1200 περισσοῦ
2451 1123 2526 1182 ὧν
2566 1128 2865 1197 αἰτούμεθα
2904 1128 2938 1199 ἡ
2981 1127 3228 1198 νοοῦμεν,
3262 1127 3351 1181 διὰ
3394 1128 3493 1196 τὴν
3520 1127 3728 1179 οἰκείαν

2145 1221 2481 1292 άγαθότητα.

2252 1315 2390 1366 ZM'.
2425 1311 2533 1366 Τοῦ
2562 1311 2747 1365 αὑτοῦ
2788 1311 2936 1379 πρὸς
2952 1310 3190 1365 Κάστον
3215 1311 3645 1379 πρεσϐύτερον.

2217 1403 2338 1467 Πῶς
2363 1404 2657 1474 διαλάμπει
2685 1404 2890 1474 σαφῶς,
2917 1404 3012 1457 καὶ
3033 1403 3214 1457 λαθεῖν
3237 1405 3295 1456 ού
3321 1403 3597 1473 δύναταιὴ
3629 1403 3738 1470 ψη)-

2145 1491 2214 1564 χὴ
2249 1493 2456 1564 θερμὴν
2484 1495 2704 1564 ἀγάπην
2734 1494 2969 1564 ἔχουσαι
3000 1495 3135 1565 ὅπερ
3165 1494 3257 1546 ἐπὶ
3280 1496 3378 1564 τῆς
3413 1494 3509 1563 σῆς
3538 1493 3739 1560 γέγονε

2143 1584 2474 1655 τιμιότητος.
2503 1585 2636 1638 υύδέ
2659 1585 2768 1656 γάρ
2791 1585 2946 1646 εἰδὼς
2975 1586 3056 1638 ὃτι
3090 1583 3500 1649 ἐπεστάλκαμέν
3531 1601 3630 1635 σου
3667 1586 3738 1653 τῇ

2144 1677 2400 1749 εὐλαϐείᾳ
2443 1677 2640 1748 (καίτοι
2679 1695 2742 1746 γε
2787 1677 3247 1748 ἐπεστάλκαμεν),
3282 1678 3430 1746 ὅμως
3461 1676 3626 1738 αὐτὸς
3668 1676 3742 1727 τὰ

2145 1768 2298 1840 παρά
2347 1768 2545 1822 σαυτοῦ
2596 1769 2925 1840 πεποίηκας,
2977 1768 3194 1840 γράψας
3231 1785 3288 1820 τε
3320 1769 3467 1838 ἡμῖν,
3498 1768 3594 1820 καὶ
3632 1768 3742 1837 τὴν

2143 1857 2382 1911 διάθεσίν
2423 1874 2516 1910 σου
2556 1856 2654 1928 τὴν
2687 1857 2914 1927 γνησίαν
2947 1858 3041 1909 καὶ
3077 1858 3133 1908 ἐν
3173 1855 3346 1926 τούτῳ
3381 1855 3741 1925 ἐπιδειξάμε-

2145 1961 2254 2010 νος,
2283 1945 2377 1999 καὶ
2409 1945 2609 2014 πολλῆς
2636 1946 2782 2015 ἡμᾶς
2813 1944 3096 2014 ἐμπλήσας
3128 1943 3229 2014 τῆς
3266 1943 3595 2013 εὐφροσύνης
3637 1945 3741 1996 καὶ

2146 2040 2244 2108 τῆς
2270 2036 2689 2108 παρακλήσεως.
2723 2038 2818 2090 'lv‘
2839 2032 2930 2090 οῦν
2960 2036 3198 2107 συνεχῶς
3222 2034 3423 2106 ταύτης
3445 2036 3741 2089 ἀπολαύω-

2149 2145 2248 2198 μεν
2285 2131 2384 2199 τῆς
2423 2127 2615 2198 ἡδονῆς
2663 2127 2758 2181 καὶ
2806 2127 3253 2200 εὐφραινώμεθα,
3293 2127 3526 2198 συνεχῶς
3563 2127 3745 2180 τοῦτο

2146 2220 2318 2272 ποιεῖν
2346 2215 2748 2289 παρακέκλησο,
2777 2219 2941 2290 ἡνίκα
2983 2219 3050 2272 ἂν
3088 2219 3204 2289 ἐξῇ.
3245 2219 3473 2289 Οἴδαμεν
3503 2219 3618 2289 γάρ
3646 2220 3743 2272 ὅτι

2146 2310 2204 2363 τὸ
2236 2311 2469 2380 πρᾶγμα
2507 2309 2782 2373 δύσκολον,
2829 2309 2906 2380 τῶ
2949 2309 3023 2381 μὴ
3077 2310 3276 2380 ῥαδίως
3318 2308 3463 2371 τινάς
3491 2309 3745 2362 ἐνταῦθα

2149 2400 2567 2472 παραγίνεσθαιο
2610 2401 2705 2455 καὶ
2733 2400 2840 2473 γὰρ
2871 2401 2934 2454 τὸ
2976 2401 3078 2470 τῆς
3110 2401 3432 2470 οἰκουμένης
3455 2401 3747 2472 ἐρημότα-

2145 2509 2234 2546 τον
2257 2491 2453 2562 χωρίον
2483 2490 2638 2544 τοῦτό
2675 2493 2840 2544 ἐστιν’
2876 2490 2989 2544 ἀλλ’
3018 2491 3162 2561 ὅμως
3196 2493 3304 2553 τοῖς
3338 2489 3586 2557 ἀγαπῶσι
3635 2496 3748 2545 καὶ

2144 2583 2214 2636 τὰ
2241 2583 2474 2636 δύσκολα
2509 2582 2706 2634 εὔκολα
2732 2579 2962 2649 γίνεται.
2987 2581 3049 2634 El
3087 2581 3196 2652 γὰρ
3233 2580 3542 2652 βουληθείης
3569 2598 3750 2653 περι-

2146 2671 2476 2744 εργάζεσθαι
2521 2672 2620 2724 καὶ
2657 2671 3151 2742 πολυπραγμονεῖν,
3181 2673 3308 2735 τοὺς
3339 2671 3542 2726 ἐκεῖθεν
3578 2675 3746 2726 κατὰ

2145 2763 2336 2834 χρείας
2369 2760 2506 2824 ίδίας
2533 2760 2966 2831 ἀφικνουμένους
2993 2761 3268 2830 εὑρήσεις,
3299 2761 3392 2814 καὶ
3412 2761 3544 2824 ὅλως
3567 2761 3746 2816 οὐδὲν

2143 2851 2413 2920 ἐπιλείψει
2457 2849 2536 2921 τῷ
2582 2850 2766 2921 ζητεῖν
2815 2849 2938 2903 καθ’
2994 2849 3138 2904 ὀδοῦ.
3190 2851 3354 2904 Ταῦτ’
3387 2847 3478 2905 οῦν
3531 2849 3746 2916 6380;,

2143 2941 2384 2996 δέσποτά
2434 2959 2534 3012 μου
2577 2939 2892 3011 τιμιώτατε,
2927 2943 3170 3012 συνεχεῖς
3209 2943 3343 3012 ἡμῖν
3385 2943 3567 3013 πέμπε
3597 2945 3742 2998 ἑπι-

2145 3027 2357 3091 στολάς.
2395 3028 2468 3080 Τό
2499 3045 2559 3081 τε
2601 3027 2708 3099 γὰρ
2734 3029 2967 3098 πρᾶγμα
2995 3027 3280 3082 δυσκολίαν
3309 3029 3562 3100 οὐδεμίαν
3587 3030 3743 3102 ἔχει,

2143 3119 2270 3172 οὔτε
2314 3119 2501 3182 πόνον,
2556 3121 2590 3190 ἡ
2635 3119 2692 3172 δὲ
2737 3118 2796 3184 ἐξ
2840 3118 3006 3172 αὐτοῦ
3055 3119 3362 3191 εὐφροσύνη
3400 3121 3747 3192 πτεροῦσθαι

2145 3211 2295 3280 ἡμᾶς
2314 3213 2478 3273 ποιεῖ,
2502 3212 2595 3264 καὶ
2617 3211 2819 3278 πολλῆς
2846 3209 3199 3281 παραμυθίας
3223 3210 3475 3273 ὑπόθεσις
3493 3211 3740 3278 γίνεται.

2147 3306 2332 3358 ΣΜΑἎ
2379 3303 2490 3358 Τοῦ
2546 3303 2728 3358 αὑτοῦ
2781 3302 2930 3370 πρὸς
2966 3302 3265 3371 κυριακὸν
3301 3305 3738 3372 πρεσϐύτερον.

2214 3394 2326 3448 Καὶ
2353 3394 2412 3448 ἐν
2434 3393 2608 3464 τούτῳ
2651 3392 2939 3463 ἐθαύμασά
2969 3411 3062 3446 σου
3090 3394 3188 3464 τὴν
3228 3394 3448 3464 ἀγάπην
3477 3395 3576 3465 τὴν
3602 3395 3743 3467 θερ-

2145 3486 2274 3557 μὴν,
2313 3487 2404 3539 καὶ
2429 3483 2676 3556 γνησίαν,
2711 3484 2806 3536 καὶ
2837 3483 3050 3554 ἀκλινῆ,
3084 3484 3150 3536 δι’
3179 3478 3248 3554 ἦς
3286 3484 3511 3550 ἔδειξας,
3547 3487 3630 3538 ὅτι
3668 3488 3737 3540 οὐ

2143 3578 2424 3647 παρόντων
2451 3580 2484 3647 ἡ
2493 3575 2628 3646 μῶν,
2651 3574 2786 3629 ἀλλὰ
2817 3576 2908 3629 καὶ
2937 3575 3182 3629 ἀπόντων
3208 3576 3372 3629 πολὺν
3399 3579 3522 3646 ποιῇ
3547 3575 3734 3644 λόγον.

2143 3669 2314 3732 Αὐτὸς
2334 3667 2432 3738 μὲν
2453 3667 2562 3739 γάρ
2578 3665 2712 3738 ἔφης
2733 3666 2866 3737 μηδέ
2883 3666 3271 3720 ἐπεσταλκέναι
3292 3668 3439 3738 ἡμᾶς
3464 3669 3528 3736 τῇ
3551 3670 3739 3736 τιμιό-

2140 3759 2264 3828 τητί
2287 3774 2404 3819 σου,
2435 3759 2528 3810 καὶ
2553 3758 2652 3809 οὐκ
2679 3756 2896 3824 ἐγένετο
2923 3755 3080 3808 τοῦτο
3108 3757 3288 3809 ίκανὸν
3316 3755 3611 3826 ἐμποιῆσαι
3643 3775 3737 3810 σοι

2144 3850 2320 3921 σιγὴν,
2351 3847 2484 3901 ἀλλά
2516 3849 2692 3901 καίτοι
2740 3845 2967 3918 νομίσας
2997 3848 3144 3916 ἡμᾶς
3182 3847 3547 3916 σεσιγηκέναι,
3575 3851 3736 3917 τρεῖς

2141 3941 2431 4004 ἐπιστολὰς
2461 3939 2712 4010 ἔπεμψας
2754 3938 2890 4008 πρὸς
2930 3941 3095 4008 ἡμᾶς.
3133 3939 3320 4008 Ἡμεῖς
3344 3938 3398 3989 δὲ
3427 3938 3519 3990 καὶ
3554 3938 3733 4004 ἅπαξ,

2141 4036 2235 4088 καὶ
2279 4033 2379 4096 δὶς,
2411 4032 2506 4085 καὶ
2539 4033 2680 4102 τρὶς,
2720 4031 2815 4084 καὶ
2843 4030 3105 4094 πολλάκις
3145 4030 3580 4100 ἐπεστάλκαμεν.
3611 4031 3737 4084 Καὶ

2141 4124 2428 4196 ἀμφότερα
2455 4123 2664 4194 ἐδείχθη
2701 4121 2900 4185 καλῶς,
2931 4122 2966 4192 ἥ
3002 4139 3062 4175 τε
3084 4121 3271 4193 ἀγάπη
3303 4123 3335 4191 ἡ
3369 4121 3458 4193 σὴ,
3488 4121 3562 4190 μὴ
3593 4121 3730 4195 δεηο

2143 4216 2297 4270 θεῖσα
2343 4215 2452 4269 τῶν
2491 4215 2832 4286 γραμμάτων
2870 4214 3048 4285 ἡμῶν,
3083 4215 3118 4285 ἡ
3154 4231 3214 4266 τε
3260 4213 3643 4284 εὐγνωμοσύνη
3691 4217 3732 4286 ἡ

2143 4308 2406 4379 ἡμετέρα.
2450 4309 2600 4362 Ἐπεὶ
2624 4304 2716 4362 οῦν
2749 4303 2926 4371 οἶσθα,
2958 4308 3107 4370 ὅπως
3129 4306 3446 4377 διακείμεθα
3478 4307 3608 4376 περὶ
3625 4307 3734 4377 τὴν

2143 4401 2431 4471 τιμιότητά
2463 4417 2577 4464 σου,
2606 4401 2686 4452 ὅτι
2714 4398 2791 4469 τῷ
2819 4398 3102 4470 κεφαλαίῳ
3123 4398 3234 4453 τῶν
3260 4399 3479 4468 ἀγαθῶν
3511 4397 3539 4468 β
3550 4398 3725 4469 ρύεις,

2142 4491 2220 4561 τῷ
2258 4491 2538 4561 συνδέσμῳ
2568 4491 2665 4560 τῆς
2704 4489 3063 4560 τελειότητος,
3102 4489 3476 4558 ἐπιδαψιλεύσυ
3515 4489 3729 4560 ταύτην

2145 4581 2297 4655 [756]
2324 4585 2452 4653 ἡμῖν
2477 4570 2575 4653 τὴν
2613 4580 2970 4652 εὐφροσύνην.
3010 4582 3182 4644 Ὅσας
3217 4581 3323 4651 γὰρ
3359 4580 3425 4634 ἂν
3467 4580 3727 4650 λάϐωμεν

2143 4674 2451 4739 ἐπιστολὰς,
2486 4673 2590 4727 κᾶν
2625 4673 2816 4726 πολλαὶ
2843 4666 2944 4726 ὦσι
2973 4672 3049 4742 τῷ
3093 4672 3330 4743 ἀριθμῷ,
3357 4673 3416 4725 ού
3443 4671 3719 4742 λαμϐάνον

2147 4779 2244 4832 μεν
2273 4762 2453 4834 κόρον,
2482 4761 2568 4814 διὰ
2597 4761 2656 4814 τὸ
2683 4760 2886 4832 σφόδρα
2917 4761 3218 4814 διακεῖσθαί
3249 4779 3348 4814 σου
3368 4762 3496 4831 περὶ
3521 4761 3619 4824 τὴν
3638 4779 3721 4814 τι-

2147 4853 2394 4924 μιότητα.

2286 4948 2470 5000 ΣΜΠ,
2524 4945 2630 4998 Τοῦ
2683 4947 3112 5016 Χρυσοστόμου
3162 4945 3446 5013 Χαλκιδι’ᾳ
3488 4949 3588 4999 καί

2747 5017 3135 5086 Ἀσυγκριτίᾳ.

2213 5107 2378 5160 Οὐδὲν
2407 5107 2534 5176 ὑμῖν
2571 5105 2864 5174 ἀπολογίας
2901 5106 2983 5158 δεῖ
3017 5104 3154 5176 πρὸς
3196 5103 3257 5156 τὸ
3292 5103 3367 5173 μὴ
3408 5105 3719 5175 παραγενέ-

2146 5197 2290 5250 σθαι·
2328 5197 2451 5266 ἐμο“ι
2483 5197 2591 5267 γὰρ
2620 5197 2727 5250 ἀπὸ
2767 5199 2866 5268 τῆς
2881 5195 3120 5268 [γνώμης
3159 5196 3592 5266 παραγεγόνατε,
3627 5195 3715 5250 καὶ

2144 5287 2295 5342 οὐδὲν
2337 5262 2744 5358 ἐλάττοντέχετε
2776 5262 3204 5359 παρῗὴμῖν-τῶν
3241 5262 3593 5358 ἀφικομένων
3637 5288 3718 5339 ἐν-

2142 5380 2335 5435 ταῦθα.
2365 5380 2456 5433 Διὸ
2485 5382 2579 5434 καὶ
2623 5380 2781 5453 χάριν
2812 5381 2940 5450 ὑμῖν
2975 5379 3084 5450 ἔχω
3108 5379 3329 5449 πολλὴν,
3363 5379 3460 5450 τὴν
3491 5379 3718 5449 γνησίαν

2143 5472 2297 5543 ὑμῶν
2328 5470 2484 5536 εἰδὼς
2513 5472 2774 5536 διάθεσιν,
2811 5473 2905 5526 καὶ
2939 5471 3079 5542 ὑπὲρ
3099 5471 3196 5542 τῆς
3215 5470 3482 5532 ἀπουσίας
3515 5470 3715 5539 πολλὴν

2143 5563 2252 5635 ἔχω
2282 5563 2633 5636 συγγνώμην,
2667 5564 2756 5617 διά
2785 5581 2843 5616 τε
2873 5565 2972 5634 τὴν
3002 5563 3096 5618 τοῦ
3133 5563 3382 5634 σώματος
3407 5562 3713 5635 ἀρρωστίαν

2142 5656 2236 5708 καὶ
2279 5655 2376 5726 τὴν
2413 5654 2509 5710 τοῦ
2547 5655 2701 5719 ἔτους
2733 5656 2882 5728 ὤραν
2911 5656 3004 5709 καὶ
3033 5656 3122 5708 τὸν
3152 5655 3259 5707 τῶν
3287 5654 3496 5727 λῃστῶν
3530 5652 3710 5722 φόϐον.

2141 5747 2379 5818 Γράφειν
2407 5748 2470 5818 δὴ
2502 5749 2576 5820 μὴ
2604 5751 2914 5804 κατοκνεῖτε
2950 5747 3190 5819 συνεχῶς
3213 5749 3342 5818 ἡμῖν
3370 5747 3438 5800 τά
3466 5745 3708 5818 περὶτῆς
