3950 6368
192 376 299 434 755

186 506 408 553 tuorum
454 493 886 551 consideratione
935 492 1237 563 capiemus,
1289 486 1437 545 domi
1482 502 1607 543 esse
1655 500 1790 555 nos,

185 588 580 657 vobiscumque
608 586 811 642 versari
835 583 1237 652 arbitrabimur,
1279 590 1338 639 et
1359 595 1429 637 ex
1457 579 1622 635 animi
1662 592 1791 633 sett-

184 682 362 737 tentia
385 682 544 736 nobis
566 689 757 737 cuncta
788 679 1098 735 succedere.

186 812 468 871 CCXXXI
474 813 527 870 Χ
532 853 547 867 .
571 813 819 885 Eiusdem
846 813 914 867 ad
943 810 1199 868 Valerium
1224 821 1270 865 et
1288 809 1636 880 Diopltantum
1665 825 1790 880 pre-

551 906 796 977 sbyteros.
826 904 1074 974 (Cucuso
1099 917 1241 958 anno
1266 903 1392 959 404.
1416 900 1436 972 )

259 1037 411 1095 Sane
437 1038 651 1109 quidem
698 1036 825 1091 licet
867 1051 975 1090 non
1013 1035 1350 1104 scripsissem
1373 1076 1389 1099 ,
1424 1047 1522 1089 vos
1557 1033 1792 1105 oportuit

182 1131 431 1187 scribere
461 1130 603 1185 :boc
640 1130 782 1185 enim
809 1129 969 1198 exigit
1010 1128 1092 1183 lex
1124 1127 1362 1182 caritatis
1389 1167 1405 1192 ,
1453 1141 1572 1197 quae
1615 1140 1792 1196 neque

124 1282 125 1287 η
157 1214 438 1292 superari
479 1237 539 1276 se
562 1221 727 1288 sinit,
771 1220 869 1276 sed
907 1220 1107 1276 amoris
1152 1233 1377 1275 excessu
1422 1219 1625 1273 amicos
1665 1231 1791 1272 suos

187 1316 410 1370 vincere
439 1322 697 1384 perpetuo
741 1312 1062 1369 contendit:
1089 1326 1215 1367 cum
1243 1325 1370 1367 vero
1389 1310 1500 1380 jam
1541 1320 1597 1363 et
1622 1307 1789 1363 semel

186 1414 247 1458 et
270 1404 355 1460 bis
375 1404 704 1474 scripserim,
732 1418 800 1458 ne
825 1402 905 1458 sic
928 1401 1142 1472 quidem
1163 1401 1230 1455 ad
1251 1416 1349 1455 nos
1368 1402 1552 1456 literas
1579 1399 1791 1455 mittere

181 1496 394 1566 dignati
421 1496 580 1561 estis,
603 1495 698 1551 sed
724 1504 830 1549 tam
856 1494 1107 1549 diuturno
1134 1493 1348 1548 silentio
1371 1493 1453 1547 usi
1485 1492 1617 1547 estis
1646 1491 1788 1561 apud

186 1588 466 1642 hominem
490 1628 506 1654 ,
547 1587 638 1657 qui
666 1585 967 1656 frequentia
996 1586 1269 1639 literarum
1306 1591 1604 1639 vestrarum
1634 1581 1789 1637 obrui

183 1679 464 1750 cupiebat.
507 1683 683 1749 Atque
712 1677 829 1733 haec
851 1693 882 1732 a
912 1692 1000 1732 me
1027 1676 1313 1744 dicuntur,
1344 1691 1453 1731 non
1481 1683 1540 1730 ut
1570 1688 1666 1729 vos
1694 1689 1787 1729 ac-

180 1787 410 1837 cusem;
439 1786 545 1826 non
569 1770 715 1826 enim
744 1785 866 1825 meo
888 1785 975 1825 me
997 1769 1134 1840 pede
1161 1769 1335 1824 metiri
1361 1769 1545 1825 nescio
1572 1783 1589 1822 :
1618 1767 1711 1823 sed
1733 1775 1792 1824 ut

184 1865 359 1919 animi
392 1864 496 1919 mei
540 1862 846 1918 mmstitiam
878 1861 1230 1931 doloremque
1274 1860 1546 1916 testiiicer.
1578 1859 1789 1927 Quanto

184 1958 337 2011 cnim
367 1955 556 2025 majori
585 1954 876 2023 cupiditate
902 1962 1088 2007 teneor
1112 1952 1410 2017 literarum,
1446 1960 1593 2005 tanto
1615 1949 1789 2018 major

185 2046 346 2111 Inibi,
375 2045 500 2100 dum
530 2045 635 2098 illis
664 2043 868 2113 privor,
898 2041 1064 2098 animi
1089 2041 1245 2096 dolor
1272 2041 1520 2095 inuritur.
1548 2041 1632 2094 An
1660 2053 1791 2094 vero

183 2152 290 2192 nos
317 2137 506 2206 exigua
533 2133 901 2190 consolatione
930 2133 1126 2203 putatis
1153 2133 1414 2203 indigere,
1445 2132 1536 2202 qui
1564 2146 1595 2186 a
1620 2139 1791 2187 matre

184 2240 246 2287 et
271 2246 462 2287 sorore
487 2230 672 2299 procul
698 2228 867 2283 simus
886 2268 902 2294 ,
933 2228 1106 2298 patria
1137 2227 1514 2292 exciderimus,
1547 2234 1628 2282 tot
1651 2227 1789 2281 ami-

184 2340 377 2380 corum
427 2331 721 2393 conspectu
784 2322 1056 2392 privemur
1085 2361 1100 2386 ,
1157 2321 1501 2376 solitudinem
1550 2320 1788 2375 omnium

182 2417 541 2488 asperrimam
581 2414 880 2471 incolamus
907 2454 921 2479 ,
966 2422 1022 2468 et
1056 2411 1361 2468 lsaurorum
1411 2420 1561 2467 metu
1613 2411 1782 2466 simus

182 2492 443 2564 obsessi?
472 2506 641 2560 Porro
694 2520 798 2560 una
843 2519 966 2559 cum
1015 2504 1149 2558 meis
1175 2504 1406 2573 negotiis
1446 2502 1606 2559 audio
1650 2502 1787 2557 mala

182 2597 494 2655 communia
522 2612 641 2667 quae
673 2596 871 2667 ubique
899 2606 1164 2652 terrarum
1200 2594 1439 2664 quotidie
1476 2594 1741 2666 pullulant
1768 2636 1786 2663 ,

183 2701 354 2763 atque
398 2691 450 2744 in
476 2690 595 2745 dies
624 2690 1011 2745 incrementum
1036 2688 1326 2759 accipiunt,
1354 2696 1409 2743 et
1432 2689 1614 2759 gravia
1639 2704 1788 2758 quae-

181 2785 311 2838 dam
340 2782 611 2836 minantur
639 2780 934 2851 naufragia.
971 2779 1184 2837 Utinam
1213 2780 1483 2851 ingentem
1506 2780 1614 2835 vim
1643 2779 1789 2836 dolo-

183 2877 263 2932 ris
293 2890 507 2945 possem
532 2873 777 2929 oratione
817 2874 1141 2944 complecti;
1175 2881 1288 2928 tum
1331 2887 1459 2927 vero
1490 2872 1615 2928 licet
1656 2870 1787 2925 nihil

183 2970 288 3040 ipsi
311 2969 675 3036 loqueremur,
698 2967 858 3021 vestri
879 2976 1053 3020 tamen
1068 2965 1264 3020 silentii
1286 2963 1594 3034 paeniteret.
1615 2965 1788 3033 Auget

185 3073 448 3132 pncterea
487 3058 729 3114 dolorem
758 3073 933 3113 meum
958 3099 972 3122 ,
1015 3056 1157 3127 quod
1185 3071 1308 3111 cum
1335 3070 1435 3110 nec
1460 3054 1527 3109 ad
1557 3054 1782 3109 tabella-

180 3154 390 3207 riorum
421 3149 696 3204 raritatem
722 3147 1011 3217 confugere
1039 3146 1257 3216 possitis
1276 3185 1294 3212 ,
1329 3144 1381 3199 id
1410 3145 1598 3215 agatis.
1631 3143 1787 3212 Quod

177 3248 505 3313 argumento
529 3239 796 3295 est—sed
822 3238 947 3295 nolo
966 3238 1254 3309 quidquam
1272 3236 1551 3292 molestum
1571 3236 1786 3302 efferre;

176 3335 341 3391 vobis
378 3334 432 3388 id
473 3328 881 3405 expendcndum
930 3331 1176 3402 relinquo
1198 3372 1214 3398 ,
1257 3346 1386 3385 num
1412 3330 1515 3385 hoc
1553 3328 1786 3399 aliquem

176 3428 357 3483 nostri
384 3435 747 3495 contemptum
778 3423 1198 3494 despectutnque
1225 3421 1487 3477 redoleat.
1529 3420 1674 3476 Nihil
1704 3430 1784 3475 ta-

174 3535 311 3576 men
341 3533 502 3584 cum,
531 3518 648 3573 sive
671 3515 1051 3579 contemnatis,
1078 3514 1191 3568 sive
1222 3512 1531 3583 despiciatis
1554 3513 1787 3566 tenuita-

175 3626 292 3670 tem
326 3622 561 3667 nostram
589 3628 603 3664 :
638 3626 800 3665 unum
841 3610 892 3664 id
923 3608 1138 3680 requiro
1157 3648 1173 3673 ,
1204 3622 1542 3678 quocumque
1572 3606 1783 3662 tandem

173 3705 348 3762 modo
371 3703 548 3759 allecti
572 3702 688 3757 sitis
709 3744 726 3769 ,
764 3712 820 3757 ut
852 3701 1023 3757 literis
1066 3701 1266 3755 vestris
1295 3697 1442 3754 fruar
1465 3740 1481 3766 ,
1527 3713 1647 3768 qua:
1676 3713 1783 3755 non

174 3798 513 3855 mediocrem
560 3795 716 3855 nobis
761 3792 1185 3849 consolationem
1215 3793 1448 3861 pariunt.
1478 3788 1611 3844 Nam
1637 3803 1777 3843 unus

174 3902 347 3962 atque
371 3888 511 3943 alter
535 3900 678 3956 saepe
700 3885 766 3940 ad
795 3898 895 3939 nos
925 3881 1201 3961 profectus
1221 3890 1324 3948 est,
1353 3891 1408 3936 ct
1435 3894 1579 3935 nunc
1603 3879 1779 3934 domi-

174 3998 283 4039 nus
312 3996 463 4035 meus
487 3977 964 4044 reverendissimus
992 3974 1159 4030 frater
1186 3972 1461 4039 Libanius,
1481 3987 1581 4027 nec
1598 3980 1776 4025 tamen

177 4067 380 4133 vestris
399 4088 497 4128 nos
523 4072 690 4127 literis
709 4071 907 4142 dignati
930 4070 1082 4125 estis.
1104 4067 1302 4132 Nolite,
1329 4081 1533 4137 quieso,
1563 4062 1783 4121 mmrori

172 4182 307 4227 meo
329 4170 553 4224 alterum
579 4172 865 4241 mmrorem
886 4164 1105 4221 addere.
1126 4164 1182 4221 Si
1201 4164 1346 4220 enim
1369 4179 1543 4234 neque
1562 4170 1779 4232 accepta

173 4264 284 4318 liae
310 4261 538 4331 epistola
563 4258 800 4314 scribere
820 4257 889 4312 ad
915 4271 1016 4312 nos
1039 4255 1235 4323 velitis,
1260 4254 1374 4310 sive
1394 4254 1641 4325 pigritire,
1667 4253 1781 4309 sive

171 4353 391 4411 inertia:
418 4351 606 4418 dediti,
638 4365 737 4405 nos
760 4358 937 4404 tamen
962 4346 1199 4403 scribere
1228 4361 1335 4400 non
1362 4344 1693 4411 desinemus,
1725 4352 1781 4399 et

170 4443 468 4503 scribendo
511 4450 733 4515 propter
777 4441 883 4497 hoc
906 4451 1146 4497 vestrum
1183 4438 1455 4494 silentium
1485 4436 1779 4507 lugebimus

168 4551 228 4597 et
269 4538 707 4609 ingemiscemus.
751 4534 866 4591 Hoc
906 4534 1052 4590 enim
1082 4541 1166 4589 est
1207 4532 1261 4586 in
1299 4538 1565 4602 potestate
1595 4538 1777 4585 nostra

168 4632 366 4688 situm.
384 4627 502 4684 Non
529 4636 705 4683 tamen
728 4626 1073 4683 mediocriter
1089 4623 1247 4679 nobis
1266 4623 1333 4678 ad
1353 4620 1774 4677 consolationem

169 4723 365 4789 valet,
407 4722 516 4776 imo
545 4734 678 4776 vero
718 4718 822 4773 hoc
853 4717 1014 4773 etiam
1042 4716 1245 4771 omisso
1286 4713 1576 4768 maximum
1620 4710 1776 4768 nobis

168 4814 433 4873 solatium
464 4813 632 4882 parit,
662 4810 805 4882 quod
848 4809 917 4865 ad
943 4810 1111 4879 ipsam
1150 4821 1319 4878 usque
1353 4804 1695 4860 solitudinem
1722 4811 1776 4857 et

167 4908 239 4962 ad
264 4917 428 4962 terrae
451 4904 580 4959 lines
611 4901 907 4973 (siquidem
931 4901 984 4955 in
1006 4899 1138 4970 ipsis
1167 4896 1555 4969 propemodum
1578 4895 1773 4955 finibus

163 5002 284 5073 jam
306 4997 630 5069 versamur)
654 4995 883 5052 celebris
901 5002 1078 5048 vestra
1099 4991 1239 5047 fama
1267 4998 1525 5061 penetret,
1552 4997 1609 5044 et
1634 5004 1772 5057 pra:-

167 5097 325 5151 clara
357 5091 590 5146 facinora
622 5097 799 5145 vestra
827 5086 1081 5158 divulget.
1113 5084 1313 5140 Omnes
1341 5084 1485 5138 enim
1511 5096 1608 5137 vos
1626 5096 1768 5152 prato

166 5186 403 5249 dicant,
446 5179 663 5237 laudant
685 5222 704 5247 ,
744 5192 942 5233 corona
970 5176 1173 5232 donant
1196 5216 1212 5243 ,
1246 5176 1429 5229 beatos
1456 5181 1679 5228 censent
1702 5170 1773 5227 ob

169 5275 568 5341 fortitudinem,
595 5272 986 5346 constantiam,
1006 5284 1165 5340 quam
1187 5267 1349 5323 rebus
1368 5266 1498 5338 ipsis
1522 5273 1769 5320 testatam

170 5383 299 5425 esse
326 5367 606 5422 voluistis:
637 5375 697 5421 ut
721 5364 849 5420 illud
874 5363 1162 5433 Scriptura:
1188 5359 1497 5415 mandatum
1527 5358 1773 5429 implere-

170 5460 241 5513 tis
277 5477 291 5512 :
331 5456 502 5528 Usque
538 5457 607 5513 ad
630 5464 838 5510 mortem
862 5462 998 5509 certa
1034 5469 1126 5524 pro
1154 5451 1358 5507 veritate
1379 5492 1396 5518 ,
1437 5459 1484 5504 et
1514 5449 1650 5504 Deus
1678 5465 1771 5520 pro

171 5565 222 5608 te
242 5553 489 5624 pugnabit
518 5550 724 5624 (Eccli.
752 5550 804 5605 4.
834 5549 906 5605 33
925 5549 967 5618 ).
997 5547 1078 5603 En
1108 5546 1266 5618 igitur
1291 5553 1369 5600 tot
1397 5543 1645 5600 ﬂuctibus
1671 5543 1771 5598 im-

172 5656 363 5715 petum
425 5641 741 5699 facientibus
778 5683 796 5709 ,
846 5649 989 5695 tanta
1051 5640 1358 5708 insurgente
1404 5644 1723 5706 tempestate
1750 5677 1766 5702 ,

179 5748 365 5802 neque
400 5734 723 5790 conturbare
766 5747 860 5786 vos
890 5731 1029 5786 ullus
1076 5729 1287 5799 potuit,
1330 5742 1431 5784 nec
1462 5729 1514 5783 in
1564 5728 1670 5782 ulla
1710 5742 1769 5784 re

183 5825 401 5889 Ludere,
428 5826 521 5882 scd
543 5839 595 5882 et
621 5826 694 5881 illi
718 5827 807 5895 qui
833 5825 980 5880 nobis
1012 5823 1257 5892 injuriam
1279 5820 1476 5880 inferre
1498 5822 1768 5879 conaban-

522 5945 800 6003 PATBOL.
840 5942 958 6000 Gn.
1007 5939 1138 5999 ιιι.

1628 362 2011 423 Εριετοιιε.

3391 381 3498 439 ’146

1902 494 1990 543 tur
2014 530 2031 555 ,
2075 504 2174 546 nec
2201 491 2483 562 opinantes
2508 492 2770 565 majorum
2798 497 2950 555 vocis
2991 498 3207 558 laudum
3248 512 3495 561 auctores

1900 578 2139 637 fuerunt.
2163 581 2308 651 Quas
2334 584 2404 641 ob
2442 601 2533 641 res
2556 587 2788 658 gaudete
2810 631 2828 657 ,
2854 605 3041 662 quaeso
3062 634 3080 662 ,
3112 603 3167 651 et
3190 596 3455 653 exsultate
3492 643 3503 664 ,

1898 669 2174 743 Deumque
2205 676 2418 745 precari
2459 693 2567 733 non
2607 679 2839 737 desinite
2863 723 2878 744 .
2918 683 3011 753 qui
3036 698 3124 741 res
3152 686 3402 758 perficit,
3449 703 3504 748 et

1898 763 2167 820 immutat.
2217 765 2403 824 Faciet
2443 770 2588 825 enim
2624 771 2736 827 cito
2766 772 2885 844 plus
2912 790 3073 846 quam
3120 778 3353 848 petimus
3406 793 3501 839 aut

1892 854 2263 928 intelligimus,
2297 870 2516 932 propter
2540 862 2835 923 bonitatem
2857 882 3006 924 suam
3029 868 3049 941 (
3069 868 3263 941 ΕρΙιεε.
3293 873 3350 930 5.
3380 875 3497 939 20).

2089 988 2288 1047 CCXL.
2331 993 2575 1064 Ejusdem
2602 998 2671 1052 ad
2697 997 2902 1056 Castam
2931 980 3307 1077 presbyterum.

1966 1125 2137 1193 Quam
2168 1126 2314 1184 clare
2340 1128 2536 1201 fulget,
2565 1146 2666 1189 nec
2689 1133 2858 1191 latere
2885 1146 3059 1206 potest
3080 1140 3258 1196 anima
3287 1143 3491 1202 fervida

1895 1219 2117 1287 praedita
2139 1222 2398 1277 caritate!
2429 1238 2535 1294 quo
2575 1235 2731 1295 pacto
2760 1236 2865 1282 tuae
2902 1231 3125 1301 contigit
3151 1237 3490 1294 reverentiae.

1893 1308 2027 1367 Nam
2045 1325 2166 1368 cum
2185 1313 2411 1369 necdum
2428 1317 2617 1382 scires,
2635 1334 2763 1386 num
2782 1319 2873 1377 tibi
2894 1322 3296 1393 scripsissemus
3315 1327 3493 1401 (tam-

1893 1403 1994 1457 etsi
2037 1403 2494 1476 scripseramus),
2543 1418 2718 1463 tamen
2761 1425 2880 1479 qua:
2910 1419 3118 1468 tuarum
3164 1426 3321 1471 erant
3361 1434 3489 1489 par-

1893 1494 2025 1549 tium
2055 1495 2170 1564 ipse
2199 1496 2495 1565 praestitisti
2521 1540 2536 1566 ,
2566 1513 2687 1553 cum
2718 1509 2772 1555 et
2799 1501 2981 1557 literas
3025 1503 3093 1558 ad
3129 1520 3227 1561 nos
3256 1506 3448 1563 dedisti
3474 1551 3490 1575 ,

1894 1594 1948 1640 et
1974 1584 2027 1639 in
2052 1584 2156 1641 hoc
2178 1586 2402 1642 sincerae
2428 1598 2532 1642 tuae
2560 1589 2943 1647 benevolentiae
2963 1594 3235 1663 Specimen
3255 1596 3492 1665 edidisti,

1893 1689 2097 1746 nosque
2124 1690 2333 1732 summa
2362 1677 2543 1733 laetitia
2570 1687 2625 1734 et
2648 1682 3016 1739 consolatione
3042 1686 3398 1755 complevisti.
3422 1688 3495 1744 Ut

1892 1767 2053 1838 igitur
2092 1766 2195 1823 bac
2217 1768 2486 1837 voluptate
2516 1779 2773 1840 perpetuo
2801 1770 3080 1840 fruamur,
3108 1790 3173 1832 ac
3201 1777 3450 1834 hetcmur
3470 1821 3488 1848 ,

1892 1861 2331 1931 quotiescumque
2354 1859 2577 1916 facultas
2601 1863 2843 1930 dabitur,
2878 1866 2946 1937 ita
2978 1866 3061 1922 fac
3081 1908 3095 1932 ,
3127 1884 3330 1939 qumso,
3364 1888 3488 1942 per-

1892 1961 2075 2020 petuo.
2103 1952 2314 2008 Scimus
2346 1954 2488 2009 enim
2513 1969 2624 2010 rem
2650 1970 2771 2011 esse
2796 1957 3183 2026 perdifﬁcilem,
3209 1962 3353 2031 quod
3382 1979 3487 2018 non

1894 2041 2049 2098 facile
2072 2043 2233 2114 aliqui
2258 2044 2364 2100 huc
2390 2045 2716 2113 adventant;
2743 2049 2943 2119 quippe
2963 2051 3106 2121 quod
3132 2052 3218 2107 hic
3239 2054 3390 2110 locus
3420 2058 3491 2112 sit

1895 2136 2058 2191 totius
2126 2134 2272 2192 o'rbis
2321 2145 2586 2193 terrarum
2630 2139 3077 2196 desertissimus:
3120 2155 3490 2202 verumtamen

1892 2227 2196 2282 amantibus
2242 2228 2404 2282 etiam
2431 2243 2493 2283 ea
2518 2244 2637 2299 qua:
2662 2229 2899 2285 difficilia
2929 2242 3090 2299 sunt,
3120 2234 3293 2290 facilia
3334 2236 3488 2293 fiunt.

1890 2312 1947 2370 Si
1976 2317 2119 2370 enim
2154 2317 2417 2373 sciscitari
2442 2318 2673 2374 volucris
2696 2326 2755 2374 et
2777 2323 2990 2378 curiose
3020 2323 3291 2394 inquirere
3311 2368 3326 2391 ,
3355 2341 3449 2382 eos
3469 2371 3487 2396 ,

1891 2410 1983 2478 qui
2009 2423 2225 2465 suorum
2247 2410 2580 2480 negotiorum
2602 2426 2762 2468 causa
2787 2413 2944 2469 istinc
2963 2413 3272 2482 adveniunt,
3302 2421 3489 2474 nanci-

1891 2503 2062 2559 sceris
2088 2520 2103 2557 :
2134 2503 2268 2558 nihil
2288 2504 2521 2575 denique
2542 2505 2633 2560 tibi
2657 2506 2865 2573 deerit,
2896 2509 2942 2563 si
2962 2509 3052 2579 qui
3090 2523 3343 2581 peragant
3364 2513 3485 2577 iter,

1891 2595 2150 2666 inquiras.
2178 2595 2307 2651 Hec
2333 2596 2493 2666 igitur
2515 2596 2606 2652 tibi
2632 2613 2755 2653 cum
2777 2598 3051 2669 explorata
3078 2600 3185 2655 sint
3208 2642 3223 2666 ,
3268 2602 3485 2660 domine

1893 2688 1964 2743 mi
1992 2687 2470 2755 reverendissime,
2501 2688 2857 2744 creberrimas
2876 2689 2943 2745 ad
2971 2707 3070 2747 nos
3099 2692 3251 2748 mitte
3275 2694 3481 2752 literas.

1889 2778 2023 2834 Nam
2053 2788 2109 2835 et
2135 2794 2222 2835 res
2245 2780 2359 2850 ipsa
2383 2780 2530 2835 omni
2555 2778 2875 2837 difficultate
2898 2791 2992 2836 aut
3016 2782 3202 2839 labore
3229 2796 3400 2853 caret,
3432 2796 3487 2841 et

1890 2891 2010 2947 qua:
2035 2875 2273 2931 dimanat
2298 2892 2364 2933 ex
2397 2892 2461 2932 ea
2486 2877 2691 2945 laetitia,
2719 2894 2819 2935 nos
2861 2880 3086 2937 mirifice
3115 2884 3288 2939 reficit
3312 2900 3375 2941 ac
3401 2900 3487 2941 re-

1890 2976 2069 3034 creat,
2100 2976 2156 3024 et
2179 2968 2362 3023 multm
2389 2969 2771 3025 consolationis
2796 2972 3132 3028 occasionem
3157 2976 3484 3046 suppeditat.

2057 3098 2297 3157 CCXLI.
2336 3099 2585 3171 Ejusdem
2609 3102 2678 3155 ad
2701 3100 2970 3173 Cyriacum
2997 3104 3359 3177 presbyterum.

1886 3256 1891 3262 ι
1966 3236 2023 3292 ln
2050 3236 2156 3292 hoc
2181 3251 2397 3307 quoque
2426 3235 2689 3292 fervidam
2718 3246 2863 3293 tuam
2883 3277 2901 3303 ,
2941 3238 3208 3294 sinceram
3230 3281 3245 3306 ,
3272 3250 3326 3295 ct
3350 3256 3485 3296 con-

1890 3337 2120 3385 stantem
2171 3329 2447 3384 caritatem
2494 3329 2719 3384 miratus
2756 3344 2917 3397 ,snm,
2966 3347 3070 3400 qua
3114 3332 3396 3389 ostendisti
3435 3344 3487 3390 te

1890 3420 2058 3476 nostri
2087 3436 2334 3491 magnam
2375 3435 2480 3476 non
2511 3421 2672 3476 modo
2699 3421 2825 3476 dum
2867 3421 3125 3480 adsumus
3148 3466 3162 3490 ,
3202 3425 3295 3480 sed
3326 3426 3487 3481 etiam

1888 3515 2015 3570 dum
2052 3513 2305 3567 absumus
2333 3513 2596 3568 rationem
2639 3513 2853 3567 habere.
2884 3513 3017 3567 Nam
3047 3515 3172 3570 licet
3200 3516 3333 3570 nihil
3380 3533 3480 3573 nos

1887 3605 1956 3658 ad
1995 3614 2139 3658 tuam
2181 3604 2538 3659 reverentiam
2583 3603 2857 3658 literarum
2903 3604 3118 3660 dedisse
3143 3605 3292 3660 dicas
3317 3648 3330 3669 ,
3376 3623 3484 3663 non

1889 3706 2066 3751 tamen
2111 3696 2284 3766 potuit
2326 3695 2458 3751 illud
2488 3695 2583 3751 tibi
2624 3695 2823 3750 silentii
2852 3710 3079 3754 causam
3127 3698 3320 3753 aﬂ‘erre
3342 3740 3358 3762 ,
3388 3701 3487 3756 sed

1887 3788 2129 3858 quamvis
2158 3803 2257 3847 nos
2287 3787 2499 3844 siluisse
2536 3802 2809 3855 censeres,
2828 3797 2948 3853 ,tres
2998 3790 3252 3859 epistolas
3277 3791 3345 3846 ad
3387 3810 3488 3851 nos

1886 3883 2100 3936 misisti.
2132 3884 2202 3937 At
2230 3898 2328 3938 nos
2356 3892 2411 3938 et
2438 3882 2607 3938 semel
2633 3891 2689 3938 et
2710 3884 2926 3949 iterum,
2950 3893 3005 3939 et
3032 3895 3114 3939 ter
3134 3894 3189 3940 et
3211 3887 3485 3942 multotics

1888 3974 1954 4027 ad
1988 3981 2040 4028 te
2084 3974 2417 4044 scripsimus.
2466 3974 2529 4029 Et
2574 3975 2851 4044 utriusque
2893 3975 3164 4045 specimen
3211 3978 3486 4046 egregium

1885 4073 1968 4120 est
1991 4065 2212 4131 editum,
2241 4080 2363 4120 cum
2394 4074 2498 4120 tua:
2529 4066 2786 4132 caritatis,
2810 4082 2929 4137 qua:
2955 4068 3127 4122 literis
3153 4069 3352 4123 nostris
3377 4085 3483 4124 non

1885 4156 2158 4227 indigeat,
2193 4166 2307 4212 tum
2345 4166 2545 4213 nostrae
2582 4157 2871 4227 aequitatis.
2913 4157 3141 4227 Quando
3176 4160 3337 4230 igitur
3376 4177 3484 4217 non
3545 4172 3549 4177 '

1885 4251 2122 4321 ignoras,
2151 4260 2352 4321 quanta
2385 4252 2743 4307 reverentiam
2770 4260 2913 4308 tuam
2943 4252 3314 4309 benevolentia
3338 4268 3485 4309 com-

1884 4343 2202 4412 plectamur,
2231 4358 2353 4399 cum
2383 4359 2470 4410 eo,
2499 4343 2641 4413 quod
2661 4353 2822 4414 caput
2847 4353 2930 4400 est
2955 4346 3242 4414 bonorum,
3271 4363 3333 4401 ac
3362 4347 3487 4401 vin-

1882 4433 2061 4490 culum
2084 4435 2424 4505 perfectionis
2442 4436 2460 4505 (
2480 4432 2591 4491 Col.
2617 4436 2671 4491 3.
2695 4435 2797 4506 M)
2820 4476 2833 4499 ,
2856 4436 3120 4504 abundes,
3151 4436 3254 4505 fac,
3278 4453 3483 4508 quaeso,

1882 4527 2023 4582 hanc
2048 4527 2204 4582 nobis
2236 4526 2566 4597 voluptatem
2596 4527 2894 4596 impertias.
2921 4527 3054 4582 Nam
3099 4538 3483 4597 quantascum-

1882 4634 1985 4689 que
2014 4619 2195 4674 literas
2221 4619 2628 4691 acceperimus,
2677 4617 2802 4673 licet
2840 4633 3065 4681 numero
3086 4619 3268 4679 multa;
3309 4619 3419 4674 sint
3446 4659 3463 4684 ,

1881 4710 2026 4763 nulla
2073 4723 2171 4765 nos
2212 4724 2397 4764 earum
2441 4708 2585 4778 capit
2630 4709 2851 4763 satietas
2879 4749 2895 4774 ,
2939 4708 3082 4778 quod
3127 4709 3477 4764 reverentiam

1881 4813 2024 4860 tuam
2057 4802 2312 4882 singulari
2339 4817 2524 4857 amore
2554 4808 2962 4873 prosequamur.

1878 4937 2005 4995 CCX
2018 4937 2146 4993 LII.
2172 4936 2516 5010 Chrysoetami
2535 4934 2812 4991 Chalcidia'
2833 4944 2881 4989 et
2901 4935 3223 5007 Asyncritiw.
3246 4934 3480 5007 (Cucuso

2515 5043 2656 5084 anno
2677 5027 2828 5098 404.)

1950 5164 2092 5221 Nihil
2118 5177 2254 5234 Opus
2298 5172 2381 5218 est
2418 5170 2474 5216 ut
2501 5160 2610 5214 ulla
2650 5159 2993 5215 excusatione
3030 5159 3292 5235 utamini,
3325 5159 3467 5230 quod

1876 5276 1984 5317 non
2007 5258 2297 5315 veneritis:
2329 5270 2451 5311 nam
2480 5253 2611 5309 mihi
2640 5252 2855 5323 quidem
2876 5252 3057 5307 animo
3082 5263 3138 5308 et
3156 5255 3351 5310 aﬂectu
3376 5267 3471 5306 ve-

1875 5353 2032 5409 nistis
2052 5392 2068 5418 ,
2100 5361 2153 5406 et
2182 5350 2349 5405 nihilo
2376 5345 2627 5402 inferiore
2654 5345 2775 5401 loco
2807 5345 2948 5415 apud
2974 5360 3072 5401 nos
3110 5345 3238 5399 estis
3258 5385 3274 5410 ,
3302 5359 3467 5413 quam

1876 5445 1967 5516 qui
2007 5444 2113 5498 huc
2139 5450 2421 5498 venerunt.
2471 5438 2732 5506 Quocirca
2759 5452 2880 5491 cum
2922 5448 3201 5507 perspecta
3230 5434 3361 5489 mihi
3404 5435 3477 5490 sit

1877 5536 2097 5607 insignis
2114 5542 2288 5590 vestra
2306 5531 2693 5594 benevolentia,
2718 5539 2772 5585 et
2787 5528 3009 5603 gratiam
3031 5542 3135 5582 non
3154 5526 3477 5582 mediocrem

1874 5630 2028 5685 vobis
2047 5626 2239 5691 habeo,
2262 5633 2315 5680 et
2336 5625 2404 5678 im
2414 5637 2576 5693 pense
2599 5621 2809 5677 veniam
2825 5621 2894 5675 do
2915 5659 2932 5686 ,
2959 5619 3102 5689 quod
3133 5626 3241 5673 tum
3261 5627 3481 5688 propter

1874 5721 2116 5791 corporis
2131 5715 2518 5790 aegritudinem,
2539 5725 2649 5771 tum
2665 5721 2881 5784 propter
2891 5711 3015 5767 anni
3029 5709 3479 5780 tempus,pr:edo-

1878 5831 2114 5887 numque
2142 5820 2338 5870 metum
2358 5806 2650 5865 abfueritis.
2675 5804 2783 5861 Vos
2805 5816 2981 5859 tamen
2998 5801 3234 5859 scribere
3258 5802 3475 5858 minime

3084 5925 3162 5984 23
