3950 6416
444 384 559 444 an
1199 369 1258 426 S.
1295 367 1586 427 JOA-NNIS
1620 367 2114 426 CHRYSOSTOMI
2152 364 2476 422 ARCHIEP.
2518 357 3068 418 CONSTANTINOP.
3633 362 3754 422 7‘s

451 505 674 576 pigeat,
700 514 904 572 nosque
924 498 993 554 de
1034 505 1212 553 vestra
1236 492 1542 549 valetudine
1569 502 1937 560 smpenumero
1963 485 2042 542 fa-
2149 485 2422 556 voluptate
2444 483 2844 556 perfundemur.
2873 482 3002 541 Haec
3045 481 3207 552 igitur
3230 493 3354 536 cum
3382 479 3542 576 vobis
3563 478 3761 549 explo-

449 574 575 652 cere
615 592 893 649 certiores.
921 589 1054 646 Nam
1084 597 1139 645 et
1166 587 1326 657 longo
1352 586 1595 640 locorum
1623 580 1904 636 intervallo
1927 579 2040 634 dis-
2147 588 2261 634 rata
2289 579 2418 645 sint,
2447 593 2610 649 quam
2634 577 2932 650 saepissime
2957 577 3028 632 de
3051 576 3136 634 his
3175 577 3335 632 rebus
3361 574 3624 630 certiores
3650 586 3764 626 nos

451 688 616 742 iuncti
656 700 690 741 a
731 684 885 740 vobis
911 682 981 738 de
1008 681 1171 737 rebus
1192 678 1386 735 vestris
1413 689 1600 730 sumus
1627 669 1838 727 solliciti
1864 687 1878 723 :
1909 683 1972 723 ac
1999 667 2045 723 si
2150 671 2329 740 facite,
2351 687 2486 752 quas
2515 685 2678 727 nosse
2699 669 3092 737 desideramus,
3121 669 3361 724 utetiam
3385 670 3441 722 in
3461 665 3766 722 solitudine

453 781 594 836 forte
629 789 726 833 vos
762 771 1184 830 intellexerimus
1203 767 1357 825 omni
1399 764 1632 822 tumultu
1658 777 1724 818 ac
1763 759 2044 832 pcrturba-
2150 764 2408 837 degentes
2433 764 2660 821 multam
2683 763 2807 820 inde
2829 762 3256 820 consolationem
3286 761 3624 817 hauriamus.

453 872 599 927 tione
619 882 827 936 carere,
847 876 1216 938 prosperaque
1238 860 1343 918 frui
1361 857 1686 924 valetudine,
1716 869 1822 911 non
1844 851 2050 924 vulgari

1527 1773 1610 1836 IN
1659 1773 2081 1834 EPISTOLAM
2124 1773 2222 1834 AD
2262 1772 2665 1832 CIESARIUM

1784 2060 2398 2154 MONITUM.

549 2436 793 2509 Epistola
820 2435 888 2492 ad
917 2433 1216 2492 Caesarium
1249 2446 1279 2488 a
1306 2431 1700 2502 Chrysostomo
1729 2427 1955 2484 secundi
1985 2429 2161 2498 ipsius
2194 2425 2374 2481 exsilii
2405 2435 2649 2496 tempore
2680 2428 2882 2498 scripta
2922 2426 3097 2484 fertur
3125 2429 3285 2486 initio
3318 2439 3373 2489 et
3401 2433 3524 2490 line.
3560 2436 3762 2494 Inter-

476 2553 840 2626 pretationem
870 2551 990 2623 ejus
1017 2550 1263 2606 Latinam
1299 2547 1381 2605 ex’
1413 2549 1612 2605 Codice
1656 2548 1894 2618 quodam
1941 2545 2261 2602 Florentino
2303 2547 2666 2618 descripserat
2699 2548 2828 2603 olim
2865 2546 3061 2607 Petrus
3114 2551 3319 2624 Martyr
3364 2553 3762 2621 Florentinus.

475 2675 572 2746 qui
612 2689 643 2728 a
683 2672 954 2728 catholica
981 2670 1246 2742 religione
1272 2670 1522 2734 descivit,
1554 2684 1619 2725 ac
1647 2669 1880 2726 delatam
1917 2683 2102 2725 secum
2129 2669 2184 2724 in
2215 2669 2464 2741 Angliam
2494 2669 2550 2724 in
2583 2669 2866 2725 Cranmeri
2894 2672 3293 2744 archiepiscopi
3323 2674 3763 2733 Cantuariensis

483 2790 810 2847 bibliotheca
839 2790 1102 2862 reposuit.
1137 2789 1208 2843 At
1232 2799 1359 2859 post
1387 2788 1673 2843 Cranmeri
1710 2802 1899 2842 necem
1927 2786 2048 2858 ejus
2077 2787 2408 2843 bibliotheca
2438 2786 2648 2857 direpta
2686 2786 2810 2852 fuit,
2845 2796 2900 2842 et
2920 2788 3149 2857 epistola
3178 2788 3432 2859 deinceps
3459 2806 3765 2861 nusquam

477 2911 806 2980 comparuit.
836 2909 972 2963 Cum
1001 2919 1186 2964 autem
1216 2907 1307 2962 illa
1335 2909 1404 2962 ab
1432 2908 1519 2974 iis,
1567 2907 1661 2978 qui
1695 2906 2348 2961 transsubstantiationem
2398 2906 2686 2977 negabant,
2719 2906 2774 2960 in
2827 2906 3204 2962 testimonium
3241 2906 3469 2962 adducta
3514 2906 3760 2970 fuisset,

477 3025 548 3080 ab
579 3026 823 3096 ejusdem
861 3025 1475 3086 transsubstantiationis
1522 3025 2021 3095 propugnatoribus
2063 3035 2316 3096 negatum
2361 3034 2444 3080 est
2482 3039 2603 3080 eam
2645 3024 2857 3094 uspiam
2908 3024 3218 3087 exstitisse,
3262 3023 3418 3094 cujus
3459 3025 3769 3095 exemplar

479 3137 693 3192 nullum
726 3136 960 3208 proferri
993 3147 1201 3209 posset.
1238 3139 1397 3193 Anno
1430 3148 1612 3194 autem
1643 3137 1781 3193 1680
1814 3138 1900 3192 vir
1942 3137 2011 3193 cl.
2048 3138 2332 3194 Emericus
2378 3137 2624 3208 Bigotius
2662 3138 3168 3208 interpretationem
3212 3137 3359 3192 illam
3393 3137 3645 3192 Latinam
3683 3155 3768 3194 ex

479 3250 668 3307 codice
695 3248 1014 3306 Florentino
1045 3251 1101 3306 in
1127 3251 1457 3306 bibliotheca
1486 3251 1968 3306 Dominicanorum
2003 3249 2067 3304 D.
2103 3249 2269 3306 Marci
2315 3251 2644 3320 descriptam
2673 3252 2844 3307 edidit
2871 3260 2997 3322 post
3038 3250 3272 3324 Palladii
3307 3251 3499 3307 librum
3533 3253 3598 3308 de
3631 3253 3760 3308 vita

477 3359 886 3434 Chrysostomi.
917 3362 984 3417 At
1019 3376 1216 3417 censor
1244 3361 1516 3431 quispiam
1548 3361 1833 3430 epistolam
1859 3360 1973 3430 jam
2003 3376 2189 3416 cusam
2223 3363 2671 3432 supprimendam
2716 3379 2839 3420 csse
2869 3365 3101 3434 putavit,
3134 3381 3198 3420 ac
3228 3381 3412 3420 revera
3444 3368 3766 3435 suppressit

482 3493 610 3533 cum
643 3479 788 3534 notis
819 3477 1034 3549 Bigotii.
1063 3476 1226 3532 Anno
1257 3489 1439 3533 autem
1471 3477 1608 3532 1685
1640 3476 1952 3547 Stephanus
1985 3477 2060 3532 Le
2082 3477 2298 3549 Moyne,
2321 3478 2377 3532 in
2403 3478 2545 3535 libro
2579 3479 2666 3534 cui
2700 3479 2889 3535 titulus
2928 3477 3094 3535 Varia
3118 3479 3306 3547 Sacra,
3336 3480 3504 3537 Tomo
3536 3481 3759 3552 primo,

484 3600 631 3654 hanc
662 3599 944 3669 epistolam
977 3598 1044 3654 ad
1077 3597 1282 3684 calcem
1310 3596 1479 3653 edidit
1513 3606 1573 3651 ut
1599 3598 1655 3651 in
1683 3595 1786 3652 Ms.
1825 3597 2080 3663 habetur,
2113 3598 2304 3653 multis
2334 3598 2548 3654 mendis
2574 3615 2902 3670 respersam,
2931 3609 2983 3655 et
3028 3600 3239 3671 aliquot
3283 3600 3336 3654 in
3377 3601 3511 3657 locis
3560 3601 3762 3657 defor-

485 3723 716 3781 matam,
751 3723 812 3770 ut
841 3715 932 3769 vix
964 3713 1165 3784 aliquis
1194 3728 1390 3769 sensus
1420 3711 1541 3768 elici
1572 3712 1767 3782 possit.
1807 3711 1987 3768 Edidit
2010 3713 2175 3767 etiam
2212 3728 2266 3766 v.
2316 3713 2386 3768 cl.
2432 3711 2670 3770 Jacobus
2719 3713 2966 3786 Basnage
3008 3715 3355 3770 ltoterodami
3389 3731 3530 3769 anno
3574 3714 3747 3780 {687,

483 3848 610 3888 cum
648 3840 803 3903 parte
826 3832 916 3888 illa
947 3832 1284 3903 praelationis
1323 3831 1639 3903 Bigotianae,
1686 3846 1808 3900 quze
1851 3832 1993 3886 banc
2024 3831 2311 3901 epistolam
2348 3831 2690 3900 respiciebat,
2737 3848 2967 3903 quaeque
3017 3848 3142 3888 cum
3187 3833 3414 3904 epistola
3457 3833 3524 3888 ad
3567 3836 3762 3892 Caesa-

485 3948 629 4002 rium
661 3955 933 4019 expuncta
961 3947 1160 4013 fuerat,
1194 3947 1420 4018 adjectis
1443 3947 1609 4002 etiam
1643 3944 1965 4017 fragmentis
1998 3944 2224 4011 Graecis,
2259 3961 2380 4017 qua!
2404 3945 2649 4018 Bigotius
2671 3948 2981 4018 collegerat.
3010 3948 3146 4004 Alia:
3174 3964 3394 4020 quoque
3422 3951 3561 4020 apud
3598 3951 3765 4008 hele-

482 4065 728 4122 rodoxos
766 4065 1088 4137 prodierunt
1136 4065 1302 4134 hujus
1347 4065 1591 4136 epistolae
1643 4056 1933 4120 editiones.
1983 4062 2212 4118 Domum
2267 4065 2352 4118 vir
2399 4067 2650 4122 eruditus
2691 4064 2778 4120 εἷο.
2832 4064 3145 4123 Harduinus
3186 4083 3256 4123 ex
3306 4066 3581 4124 Societate
3621 4068 3762 4126 Jesu

483 4197 635 4238 anno
685 4181 826 4238 1689
877 4183 1128 4240 eamdem
1184 4183 1502 4253 publicavit,
1550 4197 1778 4252 remque
1825 4182 2150 4239 catholicam
2214 4183 2478 4240 adversus
2531 4186 2911 4253 heterodoxos,
2955 4186 3050 4257 qui
3100 4187 3244 4242 hanc
3295 4187 3364 4242 ad
3415 4203 3512 4243 sua
3545 4189 3757 4244 tuenda

489 4299 746 4367 dogmata
795 4297 1156 4366 usurpabant,
1203 4304 1425 4352 strenue
1472 4296 1786 4352 vindicavit.
1842 4295 1942 4352 llic
1997 4299 2194 4354 iterum
2249 4299 2396 4354 illam
2446 4297 2778 4369 proferimus
2829 4300 3035 4370 aliquot
3083 4299 3140 4355 in
3192 4301 3328 4358 locis
3372 4303 3764 4372 emendatam;

491 4411 797 4486 fragmenta
831 4420 1014 4468 autem
1049 4411 1258 4479 Graeca,
1293 4427 1417 4482 qua:
1452 4427 1521 4467 ex
1547 4412 1839 4494 Anastasio
1868 4413 2206 4484 presbytero,
2231 4430 2294 4469 ex
2327 4413 2537 4470 Joanne
2579 4413 2918 4473 Damasceno
2962 4424 3018 4471 et
3049 4430 3118 4471 ex
3149 4416 3272 4473 aliis
3305 4417 3591 4489 desumpta
3630 4418 3758 4475 fue-

489 4539 642 4600 rant,
671 4530 918 4587 auctiora
955 4506 1171 4594 dam‘us,
1207 4528 1474 4586 beneﬁcio
1499 4527 1807 4585 doctissimi
1842 4529 2276 4600 amicissimique
2301 4531 2404 4584 viri
2455 4529 2737 4586 Michaelis
2787 4529 3027 4601 Lequien
3078 4545 3146 4586 ex
3191 4531 3384 4586 ordine
3429 4530 3765 4589 Praedicato-

493 4666 640 4717 rum,
670 4649 764 4720 qui
789 4650 905 4706 haec
936 4663 1004 4705 ex
1031 4647 1324 4732 Anastasio
1351 4655 1408 4702 et
1436 4662 1506 4703 ex
1536 4646 1748 4703 Joanne
1772 4647 2110 4703 Damasccno
2147 4647 2464 4719 diligentius
2499 4646 2737 4717 collegit.

562 4789 684 4843 Jam
719 4788 810 4843 hic
835 4787 1068 4858 plurima
1092 4785 1444 4858 disquirenda
1467 4794 1632 4854 sunt;
1661 4787 1924 4844 nimirum
1958 4803 2028 4844 an
2054 4788 2146 4842 hic
2173 4786 2405 4856 scriptor
2427 4786 2503 4842 sit
2548 4785 2789 4842 Joannes
2834 4783 3277 4857 Chrysostomus,
3326 4800 3395 4839 an
3429 4784 3572 4840 alius
3613 4783 3758 4861 [757]

496 4900 590 4970 qui
617 4897 734 4968 ejus
763 4913 964 4954 nomen
989 4899 1356 4963 ementiatur;
1393 4895 1487 4966 qui
1522 4896 1594 4951 sit
1616 4895 1863 4965 epistolae
1892 4910 2093 4966 scopus
2118 4914 2134 4963 ;
2170 4905 2224 4951 et
2253 4895 2386 4966 quid
2413 4895 2756 4952 sentiendum
2789 4895 2863 4952 sit
2887 4895 2954 4951 de
2982 4894 3106 4951 loco
3135 4893 3248 4961 illo,
3280 4894 3373 4963 qui
3408 4895 3556 4951 circa
3585 4906 3755 4950 trans-

497 5015 997 5069 substantiationem
1028 5022 1108 5069 tot
1138 5013 1638 5070 controversiarum
1679 5026 1870 5068 ansam
1905 5011 2074 5066 dedit.

570 5151 731 5219 Quod
775 5152 967 5208 attinet
1003 5153 1073 5209 ad
1120 5155 1354 5224 primam
1401 5152 1797 5224 quaestionem,
1842 5161 2024 5208 utrum
2061 5153 2270 5208 scilicet
2291 5149 2406 5205 [nec
2431 5150 2662 5221 epistola
2693 5151 2765 5207 sit
2815 5166 2942 5206 vere
2977 5149 3378 5222 Chrysostomi,
3409 5164 3512 5205 nec
3544 5164 3618 5204 ne
3647 5166 3662 5203 :
3699 5163 3760 5202 ea

498 5282 596 5340 pro
625 5265 1006 5337 Cbrysostomi
1026 5267 1139 5322 l‘etu
1171 5269 1358 5325 habita
1388 5277 1471 5324 est
1503 5283 1535 5322 a
1566 5265 1777 5323 Joanne
1806 5269 2161 5336 Damasceno,
2201 5269 2269 5324 ab
2291 5269 2586 5324 Anastasio
2610 5267 2958 5338 Presbytero,
2983 5281 3016 5322 a
3058 5265 3386 5338 Nicephoro,
3416 5266 3486 5323 ab
3528 5266 3767 5334 aliisque

499 5385 595 5452 qui
623 5384 692 5440 de
720 5384 935 5441 duabus
968 5374 1178 5442 naturis
1209 5389 1598 5460 disputarunt;
1633 5393 1767 5463 quin
1792 5401 1846 5447 et
1876 5392 1992 5462 ipse
2023 5391 2213 5446 titulus
2241 5389 2504 5445 Joannem
2528 5389 2845 5459 episcopum
2895 5385 3582 5455 Constantinopolitanum,
3614 5381 3767 5437 scili-

498 5509 586 5555 cet
611 5499 1086 5572 Chrysostomum,
1123 5512 1400 5560 auctorem
1436 5506 1655 5576 prodit:
1688 5505 1768 5561 sic
1795 5504 1938 5560 enim
1965 5505 2144 5573 habet,
2185 5503 2385 5574 Incipit
2415 5503 2641 5574 epistola
2671 5501 2811 5556 beati
2842 5499 3067 5556 Joannis
3107 5499 3338 5569 episcopi
3379 5496 3766 5553 Constantino-

497 5615 723 5683 politani
770 5616 840 5670 ad
895 5615 1190 5673 Camurium
1236 5623 1552 5675 monachum
1601 5632 1827 5691 tempore
1888 5621 2102 5675 secundi
2151 5623 2329 5677 exsilii
2377 5622 2463 5676 sui
2477 5637 2497 5686 ;
2543 5620 2692 5692 quod
2742 5619 2924 5690 ipsum
2966 5627 3139 5673 totum
3188 5616 3454 5687 repetitur
3506 5613 3561 5668 in
3600 5611 3756 5667 fine:

499 5727 743 5798 Explicit
767 5733 997 5802 epistula
1043 5733 1295 5803 Joannis,
1353 5741 1459 5790 etc.
1505 5735 1658 5790 Nihil
1700 5737 1902 5791 mirum
1955 5751 2085 5807 ergo
2133 5737 2178 5791 si
2228 5736 2546 5792 heterodoxi
2575 5735 2702 5791 hinc
2745 5750 2807 5791 se
2836 5735 3188 5807 praevalidum
3215 5741 3408 5790 contra
3439 5730 3760 5788 catholicam

500 5844 662 5900 fidem
699 5858 1081 5916 argumentum
1113 5850 1352 5928 rnutuari
1385 5866 1548 5922 posse
1579 5861 1854 5923 putantes,
1887 5869 2006 5911 eam
2055 5855 2213 5924 quasi
2262 5853 2990 5933 genuinumChrysostomi
3041 5852 3230 5921 fctum,
3277 5850 3428 5908 nullo
3478 5846 3756 5920 pramisso
