3950 6374
296 377 403 433 ’147
742 375 747 383 ’
1228 372 1569 430 ῘῖΡΙΒΤΟΙΑ
1608 373 1698 426 AD
1731 367 2571 433 (ἶιίΕδΜῖιυΜ.-ΜΟΝΙΤιΪΒι
2758 330 2769 339 ’
3449 375 3554 430 748

1979 490 2163 562 σύνην.
2196 491 2359 545 Ταῦτ’
2384 490 2476 545 οὖν
2500 493 2716 559 εἰδυῖαι,
2749 491 2985 561 συνεχῶς
3020 492 3165 561 ἡμᾶς
3210 491 3558 561 εὐαγγελίζε-

1982 582 2074 635 at):
2105 581 2299 647 ταῦτα,
2329 584 2474 654 ειπερ
2511 582 2886 653 ἐπιθυμοῦμεν
2910 582 3223 653 μανθάνειν,
3254 582 3342 637 ἵνα
3371 582 3466 637 καὶ
3497 586 3554 636 ὲν

1978 676 2185 746 ἐρημίᾳ
2208 674 2573 746 διατρίεοντες
2614 674 2811 745 πολλὴν
2844 672 3094 728 ἐντεῦθεν
3131 672 3556 747 καρπωσὼμεθα.

1978 764 2074 837 τὴν
2105 763 2466 839 παράκλησιν.

295 491 487 560 ὑγείας
524 492 677 562 ὑμῶν
717 492 1219 564 εὖαγγελιζὸμενοιι.
1267 492 1377 546 Καὶ
1405 491 1513 560 γὰρ
1546 492 1640 544 καὶ
1680 491 1869 560 πὸρῤω

298 582 602 653 καθήμενοι
647 584 996 655 μεριμνῶμεν
1036 585 1102 637 τὰ
1139 583 1400 654 ὑμέτερα·
1448 584 1551 636 κᾶν
1589 583 1869 652 μάθωμεν,

295 673 381 727 ὅτι
415 673 658 744 θορύϐων
686 675 842 739 ἐκτός
864 677 983 729 ἐστε
1012 676 1106 729 καὶ
1130 678 1372 746 ταραχῆς
1396 674 1489 728 καὶ
1519 675 1586 727 τὰ
1614 675 1741 744 περὶ
1773 676 1872 745 τῆς

298 762 520 835 ῥώσεως
552 765 727 835 ὑμῶν,
766 767 827 819 οὐ
859 766 957 837 τὴν
989 766 1255 836 τυγοῦςαν
1293 764 1650 837 καρπούμεοα
1677 765 1871 837 εὐφρο-

290 1693 575 1757 examine,
606 1691 951 1763 protulerint.
989 1689 1301 1748 Hartluinus
1330 1696 1490 1748 etiam
1525 1695 1641 1764 ipse
1673 1667 1726 1749 et
1758 1693 1922 1747 titulo
1951 1700 2008 1747 et
2042 1702 2285 1749 veterum
2320 1695 2649 1752 testimoniis
2684 1694 2971 1760 abductus,
3016 1693 3392 1766 Chrysostomi
3430 1708 3559 1752 esse

298 1809 549 1875 putavit;
583 1807 634 1861 id
660 1808 807 1877 quod
832 1807 932 1876 ipsi
968 1809 1192 1863 stimulo
1228 1808 1351 1875 fuit,
1397 1818 1457 1864 nt
1495 1810 1689 1881 majori
1718 1820 1938 1876 conatu,
1976 1822 2030 1866 et
2067 1812 2294 1868 fe‘iciori
2329 1814 2475 1869 exitu
2513 1814 2952 1868 adversariorum
3001 1814 3106 1869 tela
3136 1806 3430 1884 depelleret
3469 1828 3558 1868 ar-

288 1933 665 1994 gumentaque
691 1922 1019 1979 confutaret.
1052 1921 1166 1977 Sub
1196 1925 1309 1980 haec
1336 1935 1516 1980 autem
1564 1927 1818 1981 laudatus
1840 1928 1924 1982 vir
1958 1927 2186 1983 Michael
2238 1928 2478 1999 Lequien
2526 1931 2580 1984 in
2637 1928 3030 1985 Dissertatione
3073 1929 3234 1985 tertia
3279 1928 3334 1983 in
3380 1930 3560 1987 fronte

293 2039 534 2112 Operam
565 2042 622 2096 S.
650 2041 879 2099 Joannis
903 2042 1224 2098 Damasceni
1257 2043 1427 2111 posita
1461 2060 1515 2112 p.
1555 2043 1766 2097 XLVIII
1789 2053 1842 2098 et
1862 2060 2018 2114 seqq.
2056 2060 2114 2101 se
2139 2047 2264 2116 περὶ
2311 2048 2666 2118 γνησι6τητος
2694 2049 2872 2118 operis
2914 2048 3165 2103 dubitare
3211 2046 3551 2103 testiﬁcatus.

296 2157 612 2228 hujusmodi
641 2169 960 2230 argumenta
986 2160 1268 2231 proposuit
1295 2161 1363 2214 ad
1392 2177 1512 2216 eam
1544 2161 1933 2231 Chrysostomo
1971 2163 2412 2233 abjudicandam.
2456 2164 2858 2219 Animadvertit
2910 2174 3089 2219 autem
3134 2163 3312 2233 primo
3353 2175 3475 2217 eam
3527 2175 3571 2219 a.

293 2279 515 2333 nemine
542 2288 666 2331 ante
695 2277 980 2333 Leontium
1005 2264 1281 2334 laudatain
1315 2276 1507 2345 fuisse,
1548 2281 1648 2335 etsi
1701 2279 1986 2350 perspicua
2039 2282 2156 2336 loca
2198 2297 2309 2350 prie
2356 2298 2416 2337 se
2463 2282 2600 2337 ferat
2625 2283 2885 2338 adversus
2919 2281 3315 2353 Eutychianos,
3344 2293 3559 2336 necnon

293 2388 462 2448 unius
498 2392 789 2447 voluntatis
826 2403 879 2447 et
901 2394 1235 2463 operationis
1268 2403 1610 2451 assertores:
1645 2412 1767 2465 qua:
1787 2412 1920 2452 sane
1947 2397 2066 2452 loca
2104 2413 2210 2452 non
2240 2399 2703 2469 praetermittenda
2731 2408 2890 2455 erant
2928 2400 2981 2453 in
3019 2398 3254 2467 Synodis
3292 2396 3480 2466 quinta
3508 2404 3561 2449 ct

293 2496 473 2574 sexta,
509 2525 616 2562 non
651 2509 720 2563 ab
746 2507 851 2562 illis
877 2508 969 2577 qui
1004 2523 1099 2563 cas
1126 2508 1362 2564 haereses
1386 2509 1797 2579 impugnarunt,
1823 2524 1931 2565 non
1964 2525 1994 2564 a
2024 2509 2263 2566 Nestorii
2292 2510 2642 2578 vindicibus;
2668 2520 2722 2566 et
2747 2521 2929 2567 tamen
2975 2510 3158 2566 nullus
3198 2525 3388 2566 eorum
3422 2510 3563 2565 hanc

291 2629 606 2704 cpismlam,
641 2628 723 2682 vel
756 2626 874 2696 ejus
903 2626 1158 2680 laciniam
1189 2626 1493 2697 quamlibet
1521 2630 1986 2683 commemoravit.
2014 2628 2214 2697 Adjicit
2250 2628 2335 2682 vir
2363 2629 2556 2685 doctus
2599 2629 2698 2685 hos
2734 2628 2995 2699 loquendi
3041 2628 3264 2693 modos,
3297 2627 3452 2694 Quod
3481 2630 3565 2684 in-

291 2752 505 2822 fernum
542 2755 765 2807 evomuit
801 2755 855 2809 in
902 2754 1115 2811 Christo
1147 2757 1318 2811 dicere
1363 2774 1525 2811 unam
1564 2766 1809 2810 naturam
1851 2767 1968 2826 post
2022 2758 2362 2811 unitionem?
2389 2766 2444 2811 et
2470 2754 2675 2810 Iterum
2717 2756 2900 2809 dicunt
2933 2771 2952 2808 :
2983 2754 3112 2809 Post
3137 2756 3425 2810 unitionem
3456 2769 3563 2808 non

288 2887 499 2945 oportet
527 2879 699 2933 dicere
729 2880 861 2934 duas
893 2889 1139 2945 naturas,
1163 2890 1217 2935 et
1238 2880 1466 2944 similes,
1503 2887 1715 2933 tantum
1764 2876 2014 2948 usurpari
2055 2878 2287 2946 coepisse
2317 2882 2608 2945 postquam
2647 2874 2885 2945 Cyrillus
2922 2873 3326 2929 Alexandrinus
3368 2872 3562 2928 adver-

286 3011 395 3051 sus
416 2995 725 3052 Nestorium
756 3000 1013 3069 scripsit:
1049 2998 1132 3054 Ea:
1164 3001 1369 3054 duabus
1400 3002 1608 3054 naturis
1633 2999 1958 3069 ineﬂ‘abilem
1994 3000 2284 3052 unitionem
2325 3013 2438 3052 esse
2479 2996 2680 3069 factum
2703 3011 2722 3049 :
2766 2994 3079 3049 dividendus
3124 3010 3229 3047 non
3280 3009 3389 3048 esse
3436 2992 3562 3047 sub.

284 3113 527 3169 stantius
555 3120 675 3181 post
707 3114 1035 3179 unitionem;
1063 3131 1223 3169 unam
1263 3125 1377 3184 post
1410 3116 1700 3168 unitionem
1728 3129 1839 3168 esse
1864 3112 1961 3166 Dei
2001 3112 2157 3166 Verbi
2199 3121 2451 3166 naturam
2475 3112 2830 3178 incantatam,
2866 3120 2918 3163 et
2940 3119 3231 3179 postquam
3273 3108 3420 3163 circa
3443 3106 3561 3161 haec

288 3228 461 3282 verba
492 3229 855 3301 digladiantes
878 3229 1097 3299 plurimi
1144 3243 1213 3284 eo
1252 3228 1610 3292 devenerunt,
1658 3236 1718 3283 ut
1767 3226 2013 3282 dicerent
2057 3226 2531 3307 ipsam‘deitatem
2576 3240 2791 3295 passam
2826 3225 3029 3291 fuisse;
3069 3239 3174 3295 qua
3214 3234 3372 3281 aetate
3403 3224 3564 3279 editae

291 3344 450 3399 fuere
483 3345 903 3400 dissertationes
933 3345 1059 3408 illac,
1086 3360 1208 3415 quae
1239 3343 1525 3398 Athanasii
1553 3344 1774 3419 nomine
1819 3344 2285 3399 circumferuntur
2328 3343 2504 3398 Tomo
2546 3344 2788 3399 secundo
2820 3359 2875 3414 p.
2923 3343 3048 3410 560,
3082 3343 3180 3399 56l
3214 3352 3269 3399 et
3295 3359 3475 3416 θείω..
3504 3345 3563 3402 in

289 3464 497 3532 quibus
522 3463 733 3525 eaedem
750 3461 919 3517 ferme
947 3478 1037 3518 res
1071 3461 1439 3532 exagitantur,
1467 3475 1589 3529 quae
1622 3461 1673 3513 in
1717 3459 1820 3514 hac
1846 3459 2076 3529 epistola
2110 3459 2312 3527 passim
2351 3457 2621 3513 feruntur.
2675 3456 2888 3528 Pugnat
2917 3472 3138 3528 quoque
3181 3460 3264 3511 vir
3291 3459 3561 3524 eruditus,

289 3580 439 3635 hanc
462 3579 750 3650 epistolam
790 3595 894 3634 non
931 3580 1091 3634 modo
1112 3587 1238 3649 post
1285 3578 1659 3649 Chrysostomi
1688 3577 1929 3641 obitum,
1977 3576 2075 3633 sed
2114 3577 2280 3631 etiam
2326 3584 2450 3644 post
2490 3574 2826 3631 Nestorianae
2868 3574 3094 3630 haeresis
3121 3583 3372 3630 exortum
3414 3575 3556 3632 scri-

286 3707 442 3770 ptam
473 3696 641 3750 fuisse
672 3711 686 3746 :
734 3712 751 3745 t
781 3692 917 3747 Nam
951 3704 1134 3758 antea,
1167 3692 1363 3762 inquit,
1395 3692 1641 3746 auditum
1683 3706 1791 3745 non
1829 3699 1948 3744 erat
1982 3690 2260 3746 Christum
2296 3706 2404 3745 non
2454 3690 2618 3746 modo
2646 3705 2710 3744 ea:
2737 3691 2944 3745 duabus
2985 3693 3218 3756 naturis,
3262 3692 3357 3746 sed
3389 3691 3558 3747 etiam

289 3817 352 3868 in
382 3810 586 3866 duabus
622 3810 893 3874 exsistere,
939 3828 957 3860 ι
993 3808 1136 3878 quod
1173 3808 1407 3875 primum
1437 3807 1674 3879 Cyrillus
1728 3807 1946 3874 docuit;
1984 3807 2288 3877 tleindeque
2325 3807 2579 3878 Synodus
2631 3806 3094 3865 Chalcedonensis
3139 3818 3329 3864 contra
3387 3807 3556 3878 Euty-

290 3931 455 3984 chem
487 3929 763 3993 delinivit;
798 3945 920 3998 qua:
948 3929 1110 3983 etiam
1146 3927 1399 3999 Synodus
1426 3945 1493 3984 ex
1527 3929 1731 4001 Cyrillo
1758 3930 1974 4000 adjecit,
2004 3929 2276 3985 Christum
2305 3916 2593 4000 perfectum
2625 3947 2737 3985 esse
2768 3933 2824 3985 in
2852 3931 3150 3997 divinitate,
3190 3941 3242 3985 et
3270 3931 3557 4000 perfectum

290 4049 354 4099 in
384 4047 754 4110 humanitate;
790 4046 842 4099 in
871 4045 1099 4115 epistola
1131 4060 1261 4099 vero
1285 4045 1350 4099 ad
1377 4044 1677 4101 Caesarium
1706 4044 1901 4111 legitur
1930 4059 1944 4095 :
1974 4043 2371 4113 Agnoscendum
2397 4060 2509 4097 esse
2544 4043 2751 4097 Filium
2779 4061 2882 4099 non
2914 4045 2971 4098 in
2998 4061 3105 4099 una
3133 4044 3307 4099 solum
3333 4057 3555 4110 natura,

288 4163 385 4216 sed
417 4163 469 4215 in
499 4163 704 4217 duabus
729 4164 998 4232 perfectis.
1032 4161 1338 4218 Notandum
1375 4171 1555 4218 tamen
1586 4173 1671 4219 est
1696 4163 2053 4218 Athanasium
2084 4162 2247 4216 Libro
2272 4162 2448 4231 primo
2481 4171 2669 4217 contra
2712 4162 3109 4232 Apollinarium
3141 4161 3351 4219 dixisse
3392 4161 3561 4218 Chri-

289 4289 441 4334 stum
469 4293 590 4333 esse
616 4277 917 4348 perfectum
954 4278 1123 4330 Deum
1150 4285 1204 4333 et
1242 4278 1540 4347 perlectum
1566 4276 1866 4332 hominem.
1903 4275 2102 4331 Verum
2126 4274 2252 4329 licet
2284 4275 2368 4328 hee
2390 4289 2575 4338 voces,
2608 4274 2823 4339 ἓνωσις,
2856 4276 3053 4341 unitio,
3081 4285 3136 4331 ct
3163 4276 3286 4332 dua:
3318 4276 3372 4331 in
3394 4272 3561 4331 Chri-

288 4406 381 4451 sto
424 4404 634 4450 naturze
676 4394 947 4465 perfectas,
995 4408 1101 4448 non
1151 4394 1348 4462 ignotae
1406 4408 1634 4462 prorsus
1664 4391 1869 4447 fuerint
1921 4400 2048 4446 ante
2086 4389 2464 4461 Cbrysostomi
2518 4406 2715 4455 aevum,
2743 4399 2953 4446 certum
2996 4400 3176 4446 tamen
3207 4402 3291 4448 est
3321 4407 3416 4447 eas
3449 4410 3557 4447 non

288 4515 465 4570 fuisse
489 4514 561 4569 ita
584 4513 853 4584 frequenti
880 4530 981 4568 usu
1020 4522 1285 4583 receptas,
1313 4524 1370 4567 ut
1401 4512 1626 4567 luerunt
1655 4512 1991 4582 temporibus
2016 4510 2249 4567 Nestor-ii
2280 4521 2337 4567 et
2362 4510 2655 4582 Eutychis;
2685 4522 2850 4579 atque
2872 4512 3010 4567 adeo
3051 4511 3221 4566 videri
3250 4513 3397 4569 hunc
3424 4515 3560 4568 scri-

288 4638 531 4699 ptorem,
562 4628 656 4698 qui
687 4628 793 4683 illis
819 4630 1024 4698 passim
1052 4630 1243 4696 utitur,
1296 4630 1349 4682 in
1398 4628 1540 4683 istud
1588 4642 1761 4682 aevum
1808 4625 2199 4682 conferendum
2244 4641 2383 4681 esse.
2430 4625 2608 4680 Movet
2640 4626 2768 4679 item
2813 4640 2924 4679 rev.
2970 4635 3178 4695 patrem
3206 4626 3471 4696 Lequicn,
3501 4636 3561 4681 ut

289 4750 585 4821 epistolam
616 4754 1013 4824 Chrysostomo
1052 4747 1347 4818 abjudicet,
1379 4748 1524 4817 quod
1552 4749 1605 4801 in
1640 4762 1704 4802 ea
1743 4747 1957 4802 dicatur
1993 4766 2003 4801 :
2049 4747 2111 4802 Si
2141 4748 2281 4800 enim
2330 4746 2500 4800 Deum
2535 4746 2735 4801 dixeris
2764 4744 3045 4813 pertulisse
3082 4744 3436 4816 qualicunque
3463 4758 3561 4799 eo-

290 4864 572 4937 gitatione.
594 4866 733 4936 quod
762 4862 1086 4933 impossibile
1115 4871 1189 4916 est
1224 4861 1411 4916 dixisti
1441 4880 1458 4914 :
1487 4863 1541 4914 id
1579 4861 1717 4931 quod
1748 4861 2106 4931 blasphemum
2140 4873 2218 4916 est
2242 4870 2288 4913 et
2322 4861 2582 4926 immane;
2633 4878 2760 4916 nam
2803 4862 2906 4917 etsi
2947 4861 3054 4917 hoc
3099 4862 3350 4932 loquendi
3386 4878 3561 4933 genus

288 4980 481 5049 aliquo
506 4980 666 5035 modo
697 4978 978 5035 tolerabile
1001 4995 1123 5035 esse
1151 4980 1447 5047 videretur,
1479 4995 1588 5049 quo
1613 4989 1856 5049 tempore
1896 4995 1985 5035 res
2014 4979 2255 5034 nondum
2303 4979 2523 5036 deﬁnita
2573 4988 2712 5042 erat,
2753 4980 2943 5035 multis
2984 4981 3431 5038 existimantibus
3470 4982 3560 5037 id-

252 5148 259 5165 l
286 5092 475 5163 ipsum
506 5105 625 5146 esse
662 5091 843 5145 dicere
872 5088 1037 5144 Deum
1072 5106 1314 5159 passum,
1344 5105 1407 5144 ac
1437 5105 1653 5160 passam
1685 5089 1939 5145 deitatem
1977 5108 1991 5143 :
2026 5099 2259 5144 attamen
2298 5090 2381 5145 his
2419 5089 2643 5145 adversa
2670 5091 2831 5145 tradit
2858 5090 3290 5161 Chrysostomus
3307 5094 3556 5164 plurimis

284 5210 344 5262 in
374 5205 530 5261 locis.
558 5206 685 5261 Htec
706 5221 827 5275 quae
852 5205 990 5261 scite
1018 5205 1307 5259 observata
1339 5215 1487 5271 sunt,
1518 5204 1766 5274 pluribus
1813 5204 2162 5274 prosequitur
2207 5204 2458 5259 laudatus
2490 5206 2576 5259 ille
2606 5206 2708 5269 vir,
2744 5215 2797 5260 et
2844 5207 2950 5261 alia
2988 5207 3159 5265 multa
3197 5207 3405 5278 adjicit,
3438 5225 3561 5280 qua:

285 5324 515 5394 longum
543 5331 688 5379 esset
711 5338 1012 5379 recensere.

1182 5392 1211 5411 κ

361 5458 502 5515 Aliis
535 5462 662 5516 item
699 5462 1012 5519 nominibus
1041 5463 1155 5518 haec
1187 5462 1417 5533 epistola
1450 5463 1677 5517 omnino
1705 5462 1839 5517 mihi
1864 5462 2048 5534 spuria
2068 5476 2189 5517 esse
2221 5462 2455 5518 videtur.
2481 5461 2530 5517 ls
2559 5462 2627 5517 ad
2660 5477 2823 5532 quem
2858 5465 3138 5532 scribitur,
3165 5474 3254 5521 est
3278 5465 3559 5522 Casarius

281 5576 619 5642 monachus,
648 5578 741 5649 qui
768 5579 976 5649 jamdiu
1004 5595 1113 5636 una
1153 5595 1276 5636 cum
1309 5579 1550 5650 epistolae
1581 5581 1846 5650 scriptore
1875 5580 2015 5634 idem
2059 5579 2368 5635 institutum
2415 5580 2539 5635 vita:
2576 5589 2860 5647 tenuerat,
2907 5597 3104 5652 nempe
3148 5582 3551 5653 monasticam;

282 5706 421 5753 nam
455 5695 586 5749 illud
618 5695 929 5767 signiﬁcant
952 5699 1066 5754 haec
1091 5700 1253 5754 verba
1287 5700 1447 5770 paulo
1476 5708 1600 5769 post
1628 5699 1845 5755 initium
1875 5697 2122 5769 epistolae
2150 5717 2164 5754 :
2216 5698 2585 5754 Verumtamen
2626 5715 2721 5754 nos
2758 5700 3093 5755 recordantes
3126 5707 3235 5756 tua:
3283 5704 3555 5760 nobiscum

281 5814 727 5881 conrersationis,
770 5816 866 5886 τῆς
898 5818 995 5887 σῆς
1028 5818 1144 5889 μεθ’
1174 5820 1332 5890 ἡμῶν
1364 5821 1657 5891 πολιτείας,
1691 5823 1805 5879 haec
1829 5823 1870 5877 hi

2008 5823 2172 5903 dubie
2198 5822 2382 5879 Graeca
2419 5832 2595 5891 erant,
2632 5821 2831 5893 quibus
2865 5819 3202 5890 significatur
3240 5822 3406 5893 hujus
3435 5821 3554 5893 epi-
