3950 6386
431 340 536 398 749
1125 349 1176 396 ς,
1221 336 1506 394 JOANNIS
1543 334 2027 392 CHRYSOSTOMI
2066 295 2389 392 ARCIIIEP.
2431 335 2978 394 CONSTAATINOP.
3569 347 3668 403 τεο

431 493 584 562 stola:
611 490 931 560 scriptorem
967 481 1200 552 idipsum
1231 481 1538 542 institutum
1579 485 1703 538 vitat
1733 484 1997 548 tenuisse,
2031 484 2175 552 quod
2223 483 2494 540 Cazsarius
2536 485 2920 557 proﬁtebatur,
2946 502 3141 560 nempe
3188 493 3585 564 monasticum;
3625 498 3673 552 id

433 616 498 667 de
527 611 918 680 Chrysostomo
951 608 1169 679 quidem
1201 606 1306 661 dici
1335 613 1538 678 posset,
1571 620 1664 675 qui
1689 603 1906 674 juvenis
1934 603 2075 658 inter
2101 603 2399 659 monachos
2440 605 2780 669 versabatur,
2826 616 2880 660 et
2910 606 3200 662 asceticam
3244 610 3407 665 vitam
3441 613 3637 683 agebat
3665 632 3676 666 :

432 731 527 787 sed
553 746 619 784 an
647 727 938 783 verisimile
957 735 1060 791 est,
1101 725 1148 780 si
1194 740 1318 781 cum
1351 724 1592 778 Caesario
1631 721 1800 777 vitam
1847 722 2209 776 monasticam
2247 723 2442 794 egerit,
2489 723 2580 792 qui
2626 722 2897 778 Caesarius
2931 725 2997 778 ad
3031 741 3201 795 usque
3231 731 3531 785 secundum
3564 731 3682 801 ejus

430 846 680 900 exsilium
711 852 989 913 superstes
1015 841 1200 906 fuerit,
1232 839 1442 909 ipsique
1468 839 1675 893 litteras
1703 837 1945 894 scribere
1968 836 2495 902 consueverit,illius
2530 845 2710 890 tamen
2739 851 3007 906 nusquam
3038 836 3191 910 [758]
3225 843 3552 898 mentionem
3584 845 3681 897 ha-

431 961 659 1016 bendam
695 958 830 1023 fore,
855 959 940 1014 vel
980 960 1034 1012 in
1069 956 1349 1028 Epistolis,
1375 955 1458 1010 vel
1479 955 1534 1010 in
1557 954 1680 1010 Vita
1708 953 2120 1025 Chrysostomi;
2151 959 2298 1009 certe
2318 953 2444 1009 hinc
2467 953 2579 1024 jam
2610 953 2797 1009 nescio
2825 968 2946 1023 qua:
2985 955 3224 1024 suspicio
3253 957 3513 1012 nascitur.
3554 959 3681 1031 Sty-

431 1076 517 1132 lus
543 1078 742 1130 mirum
775 1083 1038 1146 quantum
1076 1090 1104 1128 a
1137 1073 1515 1146 Chrysostomi
1549 1071 1762 1127 dicendi
1797 1085 1992 1140 genere
2029 1070 2282 1137 alienus;
2337 1071 2485 1142 quod
2532 1087 2679 1128 nunc
2722 1072 2938 1131 facilius
2971 1075 3414 1146 deprehenditur,
3458 1093 3583 1132 cum
3613 1093 3685 1133 ex

432 1194 637 1250 Graecis
673 1194 830 1261 longe
855 1190 1012 1262 plura
1046 1203 1211 1260 quam
1238 1197 1395 1244 antea
1433 1187 1820 1258 publicantur:
1863 1186 1954 1241 hic
1991 1188 2176 1241 omnia
2211 1186 2557 1257 peregrinum
2598 1187 2769 1254 olent,
2810 1204 2913 1246 nec
2948 1190 3034 1244 vel
3073 1191 3364 1246 minimum
3400 1192 3687 1263 quidpiam

430 1317 774 1383 observatur,
797 1315 943 1385 quod
971 1314 1423 1384 Chrysostomum
1460 1312 1669 1381 sapiat;
1699 1311 1773 1365 ita
1820 1318 1878 1364 ut
1905 1309 1999 1380 qui
2022 1325 2089 1365 ex
2127 1311 2249 1366 aliis
2288 1311 2506 1381 scriptis
2534 1320 2589 1367 et
2608 1313 2855 1382 epistolis
2879 1314 3254 1386 Chrysos'tomi
3288 1318 3356 1372 ad
3386 1318 3528 1374 hanc
3565 1318 3689 1387 epi-

433 1436 628 1491 stolam
678 1450 737 1490 se
776 1433 1040 1500 conferat,
1097 1433 1153 1487 in
1205 1432 1373 1486 alium
1410 1447 1469 1486 se
1523 1411 1711 1486 orbem
1766 1429 2092 1484 translatum
2147 1439 2319 1502 putet.
2370 1430 2505 1497 Quis
2562 1431 2705 1501 apud
2752 1431 3204 1504 Chrysostomum
3234 1434 3368 1490 vidit
3395 1436 3691 1507 τηλαυγῶς

433 1553 807 1625 διαγορεῦσαι,
863 1553 987 1622 quis
1031 1552 1205 1606 ταῦτα.
1258 1555 1643 1624 κατηγορεῖται
1673 1552 1805 1608 vidit
1849 1553 1956 1610 hoc

2132 1569 2182 1622 u,
2231 1552 2344 1611 haec,
2372 1554 2734 1624 medicantur
2757 1556 2788 1611 ?'
2813 1553 2917 1612 Ubi
2957 1565 3064 1612 tam
3106 1555 3328 1626 jejunus
3366 1567 3551 1612 orator
3578 1558 3692 1614 fuit

434 1670 884 1740 Chrysostomus,
916 1682 1037 1722 cum
1069 1666 1134 1722 de
1163 1667 1314 1723 socio
1340 1667 1471 1721 olim
1508 1677 1561 1722 et
1582 1667 1958 1724 contubernali
1986 1668 2053 1724 ad
2085 1683 2276 1724 sanam
2305 1680 2541 1725 mentem
2581 1671 2890 1727 reducendo
2925 1674 3220 1744 ageretur!
3255 1675 3693 1746 Argumentandi

436 1794 610 1850 genus
640 1776 1015 1848 Chrysostomi
1051 1777 1228 1831 elucet
1258 1778 1311 1830 in
1343 1776 1687 1832 orationibus
1716 1787 1906 1833 contra
1933 1778 2231 1836 Anomwos
2256 1789 2312 1835 et
2336 1790 2526 1837 contra
2566 1780 2826 1839 Judaaos:
2875 1800 2972 1840 eas
3021 1785 3207 1842 confer
3260 1802 3383 1843 cum
3431 1789 3530 1844 hac
3565 1791 3697 1858 epi-

436 1905 570 1960 stola
591 1943 606 1968 ,
636 1912 690 1957 et
715 1901 898 1957 statim
933 1901 1241 1970 conspicias
1269 1908 1532 1970 quantum
1561 1899 1634 1954 sit
1674 1899 1818 1954 inter
1853 1901 1992 1956 hanc
2021 1909 2076 1956 et
2112 1901 2234 1957 illas
2281 1901 2598 1959 discrimen.
2644 1904 2741 1961 His
2775 1908 3056 1976 perpensis
3098 1909 3384 1980 epistolam
3401 1915 3474 1969 ad
3502 1915 3700 1971 Caesa-

435 2022 578 2078 rium
609 2021 983 2094 Chrysostomi
1011 2036 1134 2078 esse
1166 2035 1450 2091 nunquam
1473 2021 1826 2087 crediderim,
1856 2023 1951 2078 sed
1979 2023 2162 2093 potius
2182 2023 2494 2095 cujuspiam
2531 2027 2625 2096 qui
2653 2027 3106 2100 Chrysostomum
3132 2037 3422 2091 ementitus
3448 2039 3539 2092 sit.

504 2167 640 2233 Quis
667 2181 794 2222 vero
827 2165 899 2222 sit
925 2165 1034 2232 ille,
1061 2164 1157 2234 qui
1189 2164 1329 2219 hanc
1357 2163 1646 2234 epistolam
1676 2164 2073 2236 Chrysostomo
2102 2165 2417 2236 adscripsit,
2445 2167 2713 2224 incertum
2752 2171 2997 2226 omnino.
3031 2172 3161 2243 Ejus
3199 2183 3380 2232 autem
3415 2176 3706 2234 mittendae

437 2287 654 2342 occasio
685 2301 749 2342 ea
782 2285 905 2352 fuit,
933 2293 1026 2341 aut
1053 2301 1116 2340 ea
1142 2300 1266 2341 esse
1293 2285 1607 2349 simulatur,
1647 2299 1770 2355 qua:
1789 2284 1946 2340 initio
1977 2285 2223 2355 epistolae
2263 2294 2562 2342 narratur:
2610 2287 2824 2343 oblatus
2876 2287 3053 2344 fuerat
3089 2291 3326 2345 Caesarie
3369 2291 3707 2361 Apollinarii

440 2404 596 2470 liber,
621 2419 730 2472 quo
757 2403 992 2473 perlecto
1027 2417 1205 2473 usque
1226 2402 1363 2458 adeo
1385 2401 1506 2471 ejus
1537 2401 1783 2458 doctrina
1809 2411 2089 2472 permotus
2109 2411 2213 2466 est,
2255 2413 2314 2458 ut
2337 2405 2566 2474 gratiam
2595 2403 2816 2461 haberet
2845 2405 2912 2461 iis
2958 2407 3053 2476 qui
3099 2406 3297 2462 librum
3342 2408 3439 2463 sibi
3474 2409 3709 2465 obtule-

393 2545 401 2550 -
442 2531 586 2589 rant,
612 2532 666 2577 et
694 2523 890 2577 librum
923 2521 1189 2592 optimum
1217 2535 1341 2578 esse
1360 2520 1684 2591 praedicaret
1710 2521 1873 2576 etiam
1902 2521 1957 2576 in
1994 2521 2223 2592 epistola
2255 2521 2365 2589 illa,
2417 2537 2582 2592 quam
2623 2521 2691 2576 ad
2733 2521 2996 2578 Joannem
3049 2536 3108 2579 se
3147 2524 3362 2580 misisse
3407 2525 3709 2582 conﬁnxit.

442 2647 557 2702 Non
589 2648 788 2702 desunt
809 2645 909 2700 viri
939 2644 1105 2711 docti,
1140 2645 1236 2716 qui
1260 2652 1452 2716 putent
1493 2643 1638 2700 hanc
1673 2645 1957 2714 epistolam
2010 2659 2120 2700 non
2158 2653 2348 2701 contra
2388 2645 2807 2716 Apollinaristas
2849 2645 3108 2716 scriptam
3149 2644 3341 2711 fuisse,
3379 2647 3469 2702 sed
3499 2656 3713 2701 contra

441 2759 837 2832 Eutychianos,
864 2775 1039 2831 exque
1061 2761 1383 2831 conjectura
1412 2768 1622 2816 tantum
1654 2760 1744 2816 hic
1765 2759 1892 2827 dici,
1924 2760 2126 2816 librum
2162 2759 2231 2815 de
2271 2775 2380 2831 quo
2417 2760 2508 2816 hic
2537 2761 2714 2832 agitur
2743 2759 3064 2831 Apollinarii
3094 2759 3265 2817 fuisse
3300 2778 3314 2814 :
3356 2776 3477 2815 nam
3523 2761 3714 2830 Apol—

444 2881 695 2943 linarius,
745 2878 1033 2949 inquiunt,
1084 2892 1368 2949 nunquam
1410 2877 1547 2932 dixit
1589 2892 1657 2933 ex
1694 2876 1911 2932 duabus
1950 2876 2166 2932 naturis
2208 2890 2371 2930 unam
2419 2874 2616 2931 factam
2649 2891 2771 2932 esse
2811 2885 3064 2930 naturam
3107 2884 3229 2945 post
3271 2877 3587 2932 unitionem.
3619 2880 3716 2933 Ac

443 2995 578 3048 nihil
607 3003 754 3049 certe
782 2993 933 3049 dubii
963 3001 1066 3059 est,
1096 2993 1185 3048 hic
1205 2993 1274 3048 de
1308 2992 1630 3061 Apollinarii
1681 2992 1823 3047 libro
1856 2991 1943 3063 agi
1984 3000 2040 3046 et
2085 2991 2595 3061 Apollinaristarum
2643 2991 2946 3046 doctrinam
2986 2991 3194 3061 impeti.
3223 2991 3360 3047 Nam
3401 3003 3463 3048 ut
3508 2997 3715 3051 omnia

443 3111 752 3168 minutatim
799 3125 1215 3181 persequamur,
1265 3124 1386 3179 quae
1437 3109 1594 3164 init-io
1620 3109 1868 3180 epistola:
1895 3108 2154 3164 dicuntur
2191 3109 2246 3163 in
2281 3108 2422 3163 libro
2468 3105 2788 3177 Apollinarii
2819 3107 3102 3178 praedicari
3125 3109 3427 3181 συνδρομὴν
3459 3111 3718 3183 adcubat;

446 3226 538 3279 καὶ
575 3224 718 3296 μίξιν
749 3223 1043 3278 θεσπεσίαν
1071 3223 1404 3294 γεγενῆσθαι
1433 3223 1687 3295 θεότητός
1713 3241 1776 3277 τε
1808 3225 1904 3278 καὶ
1937 3225 2160 3297 σαρκὸς,
2195 3224 2322 3294 μίαν
2352 3241 2411 3277 τε
2457 3223 2708 3278 ἐντεῦθεν
2753 3224 3181 3296 ἀποτελεσθῆναι
3221 3225 3381 3296 φύσιν
3412 3245 3425 3282 :
3465 3226 3719 3282 Concur-

445 3359 562 3398 sum
596 3342 929 3398 essentialem
959 3354 1007 3398 et
1036 3343 1338 3398 mixtionem
1377 3343 1609 3396 divinam
1632 3341 1831 3410 [actam
1851 3358 1963 3397 esse
1989 3341 2284 3396 divinitatis
2313 3351 2362 3396 et
2412 3343 2609 3404 carnis,
2643 3352 2690 3397 et
2719 3342 2840 3396 hinc
2861 3359 3027 3397 unam
3051 3343 3232 3412 perﬁci
3268 3353 3535 3409 naturam,
3559 3345 3714 3408 haec,

428 3465 694 3531 linquam,
723 3461 998 3526 ipsissima
1031 3461 1144 3516 fere
1171 3461 1335 3516 verba
1367 3469 1500 3516 sunt
1526 3459 1870 3529 Apollinarii,
1912 3461 2095 3531 qualia
2124 3458 2436 3516 referuntur
2465 3459 2532 3514 ab
2558 3458 2809 3531 Eulogio,
2841 3460 2983 3530 apud
3016 3461 3270 3517 Photium
3295 3476 3415 3532 cap.
3438 3461 3713 3531 CCXXX,

439 3601 499 3656 ί).
541 3586 662 3652 849,
693 3597 940 3656 excerpta
977 3601 1041 3642 ex
1077 3587 1214 3641 libro
1246 3585 1569 3658 Apollinarii
1598 3584 1662 3639 de
1692 3583 1999 3639 Incarnatio

2157 3584 2196 3639 ὣ
2224 3585 2386 3656 καινὴ
2416 3585 2592 3649 κτίσις
2615 3627 2630 3650 ,
2661 3586 2757 3640 καὶ
2789 3583 2936 3654 μίξις
2965 3584 3246 3638 θεσπεσία*
3277 3583 3410 3646 Θεὸς
3437 3584 3530 3636 καὶ
3563 3583 3717 3654 σὰρξ

449 3702 578 3773 μίαν
605 3701 938 3758 ἀπετέλεσαν
969 3706 1130 3775 φύσιν
1163 3723 1176 3758 :
1217 3705 1262 3762 Ο
1290 3723 1424 3761 nova
1456 3716 1698 3761 creatura
1726 3700 1986 3768 etdioina

2154 3703 2251 3758 io!
2283 3700 2424 3758 Deus
2455 3711 2651 3758 cicaro
2695 3718 2854 3758 anan:
2901 3701 3178 3770 perﬁciunt
3222 3709 3484 3754 naturam.
3541 3701 3714 3768 Quod

447 3822 624 3890 ipsum
658 3819 822 3875 refert
856 3821 1194 3890 Ephraemius
1222 3819 1596 3877 Antiochenus
1625 3821 1679 3875 in
1711 3819 1970 3876 Biblioth.
2002 3819 2182 3874 Photii
2209 3835 2330 3890 cap.
2366 3818 2650 3884 CCXXIX,
2684 3836 2738 3890 p.
2775 3820 2896 3875 787.
2934 3815 3052 3876 1am
3106 3816 3232 3893 quis
3298 3829 3456 3893 neget
3489 3822 3544 3877 in
3578 3823 3711 3892 epi-

448 3937 586 3993 stola
615 3935 835 3990 Caasarii
869 3935 938 3990 de
971 3935 1073 3991 hoc
1104 3935 1425 4005 Apollinarii
1460 3936 1601 3991 libro
1637 3935 1723 4004 agi
1747 3934 2006 3990 ?.C:etera
2032 3949 2252 4005 quoque
2281 3935 2458 4005 capita
2491 3950 2877 3992 recenseamus
2907 3957 2919 3990 :
2970 3939 3272 3995 secundum
3299 3937 3711 4010 Apollinarium

445 4065 501 4111 et
531 4055 967 4126 Apollinaristas,
1003 4065 1060 4110 ut
1090 4055 1142 4108 in
1181 4055 1281 4109 hac
1307 4056 1536 4126 epistola
1565 4055 1763 4111 dicitur
1795 4073 1808 4110 :
1833 4065 1950 4124 post
1990 4055 2283 4110 unitionem
2312 4072 2415 4110 non
2445 4057 2717 4126 oportebat
2746 4057 2918 4113 dicere
2961 4069 3185 4115 naturas
3232 4062 3387 4116 duas.
3434 4061 3712 4120 Dicebant

443 4172 610 4227 etiam
641 4171 1062 4242 Apollinaristaa,
1099 4191 1116 4224 ι
1160 4172 1500 4228 Dominicum
1547 4188 1746 4243 corpus
1797 4189 1904 4228 non
1947 4189 2072 4230 esse
2122 4189 2313 4229 verum
2365 4189 2585 4245 corpus,
2627 4175 2758 4246 quia
2802 4191 3129 4233 conversum
3173 4178 3368 4233 eratin
3398 4178 3654 4234 deitatem
3689 4200 3708 4237 :

437 4287 765 4343 .Passionem
797 4289 1070 4344 divinitati
1121 4291 1525 4359 excogitabant.
1578 4311 1596 4345 ι
1642 4292 1904 4348 Dicebant
1951 4309 2202 4364 quoque,
2235 4311 2256 4346 ε
2294 4293 2583 4349 Dominum
2628 4293 2813 4351 Jesum
2849 4310 3015 4351 carne
3062 4307 3249 4352 nostra
3286 4297 3566 4364 amictum,
3601 4299 3710 4356 sed

449 4399 769 4456 inanimata.
809 4418 828 4452 ι
862 4402 929 4456 Hi
954 4412 1116 4458 erant
1148 4403 1468 4472 Apollinarii
1503 4411 1557 4458 et
1587 4404 2122 4474 Apollinaristarum,
2167 4407 2260 4476 qui
2292 4405 2627 4477 Syuusiastae
2672 4408 3030 4476 vocabantur,
3079 4425 3335 4479 errores;
3384 4411 3422 4466 ii
3467 4427 3598 4467 vero
3629 4429 3709 4470 ex

447 4545 612 4600 supra
643 4529 807 4584 allato
836 4527 1154 4598 Apollinarii
1186 4528 1309 4582 loco
1342 4527 1818 4611 consequebantur
1847 4545 1862 4581 :
1894 4542 2021 4581 nam
2052 4527 2182 4598 quia
2207 4528 2508 4583 secundum
2534 4529 2932 4600 Apollinarium
2964 4546 3058 4600 per
3083 4532 3522 4588 commixtionem
3559 4533 3709 4586 divi—

446 4657 576 4698 nam
607 4643 835 4701 Deus-et
866 4659 996 4700 caro
1031 4661 1195 4700 unam
1233 4643 1583 4735 perﬁciebant
1611 4654 1888 4707 naturam,
1926 4643 2054 4697 hinc
2087 4643 2421 4712 sequebatur
2450 4653 2574 4713 post
2605 4645 2904 4702 unitionem
2937 4662 3045 4702 non
3080 4655 3331 4716 oportere
3360 4647 3496 4704 duas
3521 4649 3709 4705 dicere

449 4768 715 4827 naturas;
753 4761 996 4817 divinum
1023 4776 1224 4832 corpus
1255 4775 1365 4814 non
1398 4775 1520 4816 esse
1551 4775 1742 4815 verum
1777 4775 1998 4829 corpus,
2034 4759 2163 4830 quia
2183 4775 2509 4815 conversum
2536 4770 2654 4816 erat
2680 4761 2732 4815 in
2781 4762 3032 4819 deitatem
3060 4782 3074 4830 ;
3108 4765 3348 4820 divinam
3394 4767 3568 4836 ipsam
3601 4784 3707 4822 na-

450 4889 628 4931 turam
662 4893 757 4931 seu
792 4879 1128 4934 divinitatem
1160 4877 1404 4949 passioni
1434 4891 1557 4933 esse
1589 4875 1924 4941 obnoxiam;
1955 4889 2176 4930 carnem
2209 4875 2411 4931 Christi
2445 4879 2625 4932 anima
2653 4893 2776 4934 esse
2807 4879 3046 4936 humana
3089 4896 3340 4950 vacuam,
3377 4884 3506 4953 quia
3558 4883 3704 4942 Deus

448 4999 503 5046 et
531 5008 660 5046 caro
688 4998 852 5047 'unam
884 4995 1235 5064 perﬁciebant
1262 5001 1539 5049 naturam.

518 5125 633 5180 llos
659 5125 821 5180 etiam
855 5125 1384 5196 Apollinaristarum,
1414 5142 1510 5182 seu
1551 5125 1951 5179 συνουσιαστῶν
1989 5141 2206 5182 errores
2235 5135 2669 5181 commemorant
2699 5127 3051 5192 Athanasius,
3085 5126 3384 5198 Gregorius
3415 5127 3713 5185 Nazianze-

447 5257 572 5306 nus,
609 5253 663 5298 et
692 5239 1049 5311 Epiphanius,
1079 5246 1173 5314 qui
1202 5253 1514 5316 postremus
1547 5258 1758 5299 necnon
1787 5255 1842 5299 ct
1869 5242 2108 5300 Joannes
2137 5244 2514 5300 Damascenus
2546 5245 2613 5301 de
2632 5243 2976 5310 Haaresibus,
3018 5261 3072 5315 p.
3110 5245 3200 5310 94,
3239 5246 3577 5318 διμοιρετας,
3605 5245 3711 5300 Di-

447 5359 700 5425 maeritas,
726 5358 850 5412 illos
885 5367 1100 5413 vocant.
1126 5359 1302 5430 Hujus
1345 5375 1473 5415 vero
1520 5359 1897 5430 appellationis
1937 5373 2160 5414 causam
2205 5361 2380 5430 aperit
2414 5359 2710 5432 Gregorius
2757 5359 3139 5416 Nazianzenus
3173 5360 3323 5415 Orat.
3372 5360 3464 5425 46,
3494 5377 3551 5431 p.
3580 5360 3712 5426 ΗΞ,

446 5488 572 5530 eum
608 5475 683 5530 ait
718 5485 919 5545 corpus
952 5483 1006 5529 et
1031 5476 1268 5531 animam
1298 5491 1420 5532 esse
1455 5478 1511 5531 in
1543 5477 1763 5532 Christo
1795 5475 1858 5529 τὺ
1891 5478 2264 5549 τριτημόριον,
2301 5478 2515 5532 tertiam
2542 5488 2767 5538 partem.
2795 5477 3200 5548 Apollinaristae
3224 5477 3425 5547 quippe
3462 5477 3707 5538 aiebant,

452 5593 504 5647 in
535 5597 753 5652 Christo
783 5605 991 5667 partem
1018 5611 1184 5652 unam
1212 5596 1471 5665 hominis,
1497 5598 1622 5652 νοῦν
1656 5597 1884 5661 scilicet,
1907 5612 2003 5654 seu
2037 5606 2282 5662 mentem,
2309 5613 2341 5652 a
2363 5595 2544 5653 Verbo
2574 5597 2840 5667 suppleri,
2875 5596 3164 5667 solumque
3185 5593 3424 5650 Ver-bum
3452 5593 3708 5665 junctum

456 5714 672 5778 corpori
707 5719 760 5766 et
787 5710 983 5766 animae
1011 5708 1227 5782 (nempe
1259 5709 1553 5779 sensitivae,
1579 5720 1638 5766 ut
1676 5708 1998 5768 dictitabant
2026 5711 2129 5782 illi)
2158 5719 2336 5768 totum
2369 5711 2711 5768 constituere
2742 5710 3042 5768 Christum.
3078 5709 3448 5778 Quamobrem
3477 5721 3599 5764 cum
3629 5719 3704 5761 ex
