3950 6376
291 457 396 513 τδι
1241 455 1576 512 EPISTULA
1615 456 1705 509 AD
1743 452 2143 512 CtESARlUM.
2183 487 2252 496 —
2302 454 2640 512 MONITUM.
3442 458 3552 514 ’152

294 591 705 649 Catholicorum
734 593 1002 648 sententia
1030 592 1201 648 tribus
1230 602 1508 649 constaret
1539 591 1813 656 Christus,
1850 590 2024 648 Verbo
2065 593 2291 660 scilicet,
2315 603 2493 650 mente
2522 594 2783 661 humana,
2811 603 2867 648 et
2900 579 3130 665 corptire
3162 595 3423 662 animato,
3452 599 3547 668 qui

299 721 466 760 unam
506 722 572 762 ex
607 706 718 762 illis
746 705 1031 760 demerent
1074 714 1306 774 partem,
1345 712 1579 759 mentem
1612 703 1889 762 scilicetm
1929 703 2142 759 duabus
2175 705 2295 762 aliis
2351 721 2475 776 qua:
2513 695 2851 778 supererant,
2887 708 3183 780 διμοιρϊται
3211 711 3545 769 audiebant:

300 837 426 875 nam
450 821 694 892 δίμοιρον
715 820 917 877 Grtccis
945 830 1030 876 est
1054 820 1174 875 dure
1203 816 1366 872 totius
1405 830 1604 892 partes,
1633 819 1793 891 cujus
1823 820 2235 889 signilicationis
2263 825 2510 895 exempla
2541 826 2740 896 smpius
2774 825 3056 882 advertere
3081 835 3165 881 est
3190 829 3245 882 in
3275 827 3552 886 Analectis

295 945 505 1000 nostris
539 961 590 1014 p.
623 943 728 1000 519
753 952 807 1000 et
828 959 981 1015 seqq.

367 1079 505 1134 Cum
541 1080 644 1136 hac
679 1079 846 1149 igitur
895 1079 1122 1150 epistola
1168 1087 1475 1135 consonant
1523 1093 1611 1144 ea,
1637 1092 1760 1148 quae
1811 1077 2148 1134 Athanasius
2189 1078 2244 1134 in
2293 1080 2520 1149 epistola
2567 1081 2634 1135 ad
2686 1038 2993 1152 Epictetum
3022 1083 3090 1139 de
3119 1083 3550 1154 Apollinaristis,

295 1192 468 1248 tacito
497 1201 677 1248 tamen
707 1193 951 1257 nomine,
978 1193 1130 1260 dicit,
1164 1207 1329 1263 quam
1359 1193 1648 1262 epistolam
1674 1191 2012 1263 Epiphanius
2038 1192 2242 1249 Haeresi
2278 1195 2365 1256 77,
2392 1195 2486 1250 ubi
2536 1205 2726 1251 contra
2767 1197 3080 1255 Dimmritas
3130 1215 3228 1256 seu
3272 1202 3553 1273 Apollina-

293 1309 466 1363 ristas
502 1306 633 1377 agit,
665 1313 835 1361 totam
871 1306 1080 1361 retulit.
1109 1304 1240 1370 Quis
1272 1303 1509 1374 infernus
1537 1303 1815 1370 eructavit,
1844 1302 2024 1373 inquit
2050 1301 2404 1371 A'tbanasius,
2441 1321 2629 1375 corpus
2657 1323 2721 1360 ea:
2750 1306 2928 1362 Maria
2956 1311 3193 1379 genitum
3239 1327 3352 1366 esse
3396 1311 3558 1367 Verbi

295 1424 569 1479 divinitati
615 1423 1084 1489 consubstantiale,
1136 1421 1458 1494 ὁμοούσιονῖ
1517 1419 1656 1476 Hinc
1696 1429 1855 1475 auten

1989 1419 2328 1490 pollinarista:
2386 1424 2788 1489 συνουσιασταί,
2841 1423 3197 1495 Synusiastat,
3231 1429 3549 1495 audiebant,

217 1588 222 1590 .
295 1543 448 1612 quod
475 1543 833 1599 substantiam
874 1542 1036 1600 Verbi
1066 1559 1192 1600 cum
1223 1559 1388 1599 carne
1409 1543 1772 1598 miscerentet
1799 1550 2094 1612 utrumque
2127 1557 2295 1596 unum
2338 1541 2596 1598 facerent.
2630 1545 2736 1598 Aut
2787 1542 3029 1612 Verbum,
3066 1547 3243 1618 pergit
3291 1548 3539 1604 Athana-

295 1663 439 1727 sius,
473 1663 530 1716 in
557 1679 790 1729 carnem,
823 1679 944 1718 ossa
972 1671 1022 1718 et
1051 1663 1294 1733 capillos,
1325 1671 1375 1716 et
1418 1663 1474 1716 in
1511 1669 1680 1715 totum
1724 1676 1912 1729 corpus
1955 1668 2218 1714 mutatum
2256 1660 2452 1730 fuisse,
2491 1671 2541 1715 et
2585 1678 2616 1714 a
2661 1671 2856 1717 natura
2905 1646 3053 1735 [739i
3089 1662 3366 1720 descivisse
3413 1679 3508 1717 sua
3527 1665 3565 1719 ?'

297 1771 400 1827 Hic
434 1771 601 1827 habes
633 1771 780 1826 illam
811 1771 1103 1826 θεσπεσίαν
1131 1772 1304 1841 μίξιν,
1341 1787 1439 1826 seu
1469 1773 1779 1827 mixtionem
1802 1773 2035 1828 divinam
2064 1771 2405 1844 Apollinarii,
2427 1789 2522 1844 per
2548 1790 2711 1845 quam
2746 1775 2889 1832 Deus
2920 1787 2975 1832 et
2993 1793 3124 1833 caro
3158 1794 3323 1834 unam
3357 1780 3558 1835 elﬁcie-

295 1885 433 1940 bant
455 1892 733 1940 naturam.
769 1885 899 1950 Quis
933 1895 1136 1951 autem,
1167 1885 1245 1939 ait
1271 1884 1624 1951 Athanasius,
1651 1887 1710 1939 in
1736 1885 1977 1941 Ecclesia
2002 1896 2100 1940 aut
2127 1904 2159 1940 a
2191 1886 2514 1942 Christianis
2571 1904 2804 1958 unquam
2838 1890 3061 1956 audivit,
3097 1891 3380 1947 Dominum
3412 1893 3562 1963 posi-

297 2001 463 2065 tione,
493 2016 596 2054 non
630 2008 846 2064 natura,
885 1999 1031 2052 θέσει
1060 1999 1156 2052 καὶ
1180 1999 1241 2052 οὐ
1281 1999 1462 2068 φύσει,
1493 2007 1725 2068 gestasse
1755 2001 1980 2069 corpus?
2011 1999 2136 2056 Haec
2157 1999 2494 2069 explicantur
2514 2016 2612 2071 per
2639 2002 2770 2057 illud
2794 2003 2940 2073 quod
2975 2005 3029 2058 in
3057 1970 3298 2076 Epistola
3334 2009 3400 2062 ad
3425 2008 3547 2064 Ca1—

296 2118 511 2174 sarium
549 2117 776 2190 legitur:
813 2117 1068 2172 Dicebant
1090 2119 1232 2173 enim
1258 2118 1677 2188 Apollinaristis,
1709 2119 1888 2189 inquit
1919 2119 2011 2177 hic
2039 2120 2293 2189 scriptor,
2318 2117 2652 2174 Dominicum
2695 2135 2884 2190 corpus
2928 2137 3032 2175 non
3065 2138 3177 2176 esse
3220 2138 3398 2176 verum
3439 2139 3557 2176 cora

293 2253 420 2308 pus,
444 2238 570 2308 quia
603 2253 909 2294 conversum
932 2248 1047 2292 erat
1068 2239 1126 2292 in
1147 2239 1419 2294 deitatem.
1449 2238 1632 2310 Pergit
1657 2238 1990 2295 Athanasius
2018 2253 2034 2291 :
2075 2239 2180 2292 Aut
2223 2239 2339 2308 quis
2367 2254 2426 2292 eo
2463 2239 2715 2307 processit
2748 2239 3057 2309 impietatis,
3093 2249 3148 2292 ut
3173 2241 3366 2294 diceret
3390 2242 3560 2294 senti-

296 2355 479 2416 retque
501 2348 671 2416 ipsam
700 2347 945 2401 deitatem
973 2346 1128 2402 Patri
1154 2347 1693 2413 consubstantialem,
1729 2349 2097 2402 circumcisam
2142 2357 2190 2401 et
2232 2351 2610 2419 imperfectam,
2641 2367 2706 2404 er.
2755 2351 2987 2421 perfecta
3025 2353 3223 2422 factam
3267 2354 3431 2423 fuisse
3458 2369 3477 2409 :
3508 2365 3562 2410 et

293 2460 443 2530 quod
472 2461 616 2514 cruci
645 2460 857 2530 afﬁxam
887 2469 1002 2514 erat
1026 2477 1132 2514 non
1161 2460 1324 2529 fuisse
1353 2476 1566 2527 corpus,
1587 2460 1677 2514 sed
1703 2461 1878 2530 ipsam
1916 2460 2205 2529 Sapientia
2245 2461 2603 2516 substantiam
2652 2480 2826 2517 rerum
2856 2464 3145 2535 Opiﬁcem?
3185 2466 3310 2524 Haec
3358 2468 3566 2526 iterum.

296 2576 799 2632 consentiuntcum
825 2576 894 2633 iis
920 2592 1044 2648 quae
1069 2576 1229 2647 paulo
1255 2585 1379 2631 ante
1411 2575 1750 2642 dicebamus,
1804 2575 2148 2632 Dominicum
2189 2591 2388 2646 corpus
2439 2578 2742 2633 secundum
2780 2579 3197 2649 Apollinaristas
3240 2597 3347 2637 non
3387 2583 3562 2640 fuisse

297 2705 495 2744 verum
521 2705 743 2762 corpus.
774 2692 853 2746 Ex
885 2692 972 2748 his
1021 2692 1152 2746 item
1193 2690 1357 2747 dictis
1406 2691 1670 2762 probatur
1703 2691 1757 2745 id
1789 2691 1935 2762 quod
1990 2691 2047 2745 in
2104 2691 2335 2762 epistola
2394 2708 2503 2747 non
2556 2693 2723 2748 semel
2769 2693 2993 2762 dicitur,
3027 2711 3222 2766 nempe
3254 2700 3557 2754 secundum

295 2806 722 2877 Apollinaristas
752 2809 927 2878 ipsam
953 2808 1207 2863 deitatem
1235 2823 1356 2863 esse
1389 2809 1731 2879 passibilem,
1764 2809 1910 2878 quod
1941 2808 2192 2877 pluribus
2231 2810 2468 2878 explicat
2489 2809 2784 2879 Gregorius
2807 2810 3182 2867 Nazianzenus
3209 2812 3440 2869 llomilia
3465 2814 3560 2879 46,

298 2918 398 2976 ubi
428 2921 504 2975 ait
529 2921 830 2976 secundum
864 2921 1285 2992 Apollinarium,
1323 2922 1662 2992 unigenitum
1691 2922 1862 2977 Deum
1893 2923 1946 2976 in
1980 2925 2196 2993 pr0pria
2229 2939 2326 2978 sua
2359 2924 2643 2980 divinitate
2693 2941 2917 2996 passum
2956 2943 3076 2984 esse
3097 2969 3111 2994 ,
3145 2938 3308 2999 atque
3352 2930 3409 2986 in
3456 2933 3560 2988 tri-

297 3037 483 3091 duana
507 3035 599 3091 illa
628 3035 874 3106 corporis
899 3044 1074 3090 morte
1101 3034 1442 3089 divinitatem
1482 3050 1699 3104 quoque
1725 3036 1891 3090 simul
1916 3051 2039 3101 cum
2073 3051 2303 3105 corpore
2350 3047 2621 3093 mortuam
2675 3039 2864 3106 fuisse,
2912 3041 3100 3112 sicque
3144 3059 3337 3098 rursus
3383 3043 3562 3098 Patris

299 3167 470 3221 opera
506 3166 536 3207 a
571 3160 746 3207 morte
776 3152 842 3206 ad
871 3151 1037 3205 vitam
1070 3158 1380 3206 revocatam
1407 3149 1598 3206 fuisse.
1631 3150 2052 3207 Passihilitatem
2093 3168 2312 3223 quoque
2346 3153 2494 3209 illam
2535 3156 2753 3212 deitatis
2779 3157 3081 3231 secundum
3113 3160 3563 3230 Apollinarislas,

301 3271 701 3322 commemorat
743 3272 795 3320 et
829 3261 1077 3319 conl‘ulat
1124 3262 1460 3318 Athanasius
1514 3262 1569 3316 in
1622 3261 1775 3317 libris
1824 3273 2012 3318 contra
2066 3263 2487 3334 Apollinarium,
2531 3268 2654 3323 vide
2685 3284 2736 3338 p.
2769 3269 2894 3336 924,
2919 3279 2974 3326 et
3002 3272 3166 3341 paulo
3197 3281 3341 3341 ante,
3369 3289 3565 3344 nempe

299 3397 358 3452 ρ.
396 3377 521 3443 925,
546 3377 620 3431 ait
651 3375 950 3432 secundum
983 3372 1405 3442 Apollinaristas
1433 3371 1676 3428 Verbum
1709 3376 2075 3446 assumpsisse
2098 3392 2298 3446 corpus
2326 3378 2534 3448 absque
2571 3391 2752 3436 mente
2785 3398 2798 3432 :
2833 3383 2927 3452 qui
2954 3393 3036 3439 est
3064 3396 3372 3457 postremus
3407 3403 3565 3445 error

302 3499 363 3554 in
393 3495 620 3567 epistola
654 3493 721 3549 ad
755 3492 1050 3548 Caesarium
1081 3499 1561 3558 commemoratus,
1594 3499 1649 3546 et
1678 3491 1794 3546 hmo
1824 3501 1943 3548 erat
1973 3495 2130 3564 quasi
2165 3503 2367 3550 tessera
2394 3495 2930 3566 Apollinaristarum.
2959 3501 3180 3557 Certum
3211 3505 3397 3575 itaque
3426 3515 3561 3576 puto

305 3615 368 3670 in
404 3612 637 3683 epistola
668 3611 735 3666 ad
758 3609 1057 3666 Caesarium
1093 3618 1282 3665 contra
1311 3609 1510 3664 librum
1545 3610 1866 3681 Apollinarii
1891 3610 1998 3682 agi,
2038 3611 2302 3681 illumque
2335 3611 2513 3680 ipsum
2550 3576 2771 3679 librum,
2808 3623 2870 3669 ut
2917 3616 3152 3684 videtur,
3178 3633 3338 3687 quem
3384 3620 3451 3675 de
3476 3621 3566 3676 ln-

308 3728 632 3785 carnatione
660 3727 978 3798 scripserat,
1005 3727 1071 3782 ab
1102 3725 1330 3796 Eulogio
1359 3741 1524 3797 supra
1559 3735 2070 3782 commemoratum.
2103 3726 2373 3783 Caeterum
2406 3729 2807 3797 Apollinaristte
2839 3747 2948 3787 non
2981 3733 3120 3788 inter
3148 3750 3208 3790 se
3255 3739 3566 3793 consentie-

303 3844 460 3910 bant,
488 3843 581 3900 sed
613 3843 706 3897 alii
730 3843 868 3898 alios
901 3858 1142 3908 errores,
1172 3857 1237 3898 ex
1269 3856 1379 3897 uno
1401 3840 1554 3897 fonte
1579 3851 1887 3910 manantes,
1911 3845 2350 3915 propugnabant,
2383 3854 2442 3900 ut
2483 3845 2666 3900 videre
2698 3856 2784 3902 est
2825 3847 2882 3902 in
2925 3849 3152 3919 epistola
3183 3850 3466 3908 Athanasii
3497 3854 3568 3910 ad

303 3955 639 4028 Epictetum,
669 3964 724 4011 et
754 3955 810 4010 in
839 3954 1086 4025 ejusdem
1118 3955 1404 4010 Athanasii
1434 3953 1589 4010 libris
1615 3963 1805 4010 contra
1837 3957 2271 4026 Apollinarium;
2300 3959 2540 4030 itemque
2572 3962 2715 4030 apud
2757 3960 3123 4032 Epiphanium
3167 3961 3374 4021 Hmresi
3405 3965 3493 4021 77.

376 4090 567 4161 Neque
599 4099 778 4145 tamen
807 4088 993 4159 negari
1025 4095 1204 4160 potest
1226 4087 1509 4158 probabile
1537 4088 1765 4142 omnino
1801 4103 1922 4144 esse
1961 4088 2110 4144 hunc
2150 4090 2471 4160 scriptorem
2511 4091 2605 4162 qui
2650 4093 2852 4148 saeculo
2891 4093 3232 4166 Eutychiano
3271 4098 3476 4156 vixisse
3512 4112 3568 4158 et

308 4207 505 4262 haeresi
542 4205 617 4260 illi
653 4203 902 4260 infensus
932 4202 1106 4259 fuisse
1134 4203 1370 4269 videtur,
1403 4212 1464 4257 ut
1497 4205 1638 4258 hanc
1666 4204 1950 4274 epistolam
1996 4205 2066 4259 ab
2107 4221 2165 4260 se
2198 4207 2534 4276 suppositam
2576 4206 2972 4280 Chrysostomo
3019 4212 3333 4271 adscribere
3360 4219 3569 4284 posset,

306 4319 644 4376 conﬁnxisse
677 4334 736 4375 se
761 4324 951 4372 contra
974 4315 1299 4386 Apollinarii
1329 4315 1531 4370 librum
1577 4330 1759 4385 agere,
1786 4316 1882 4386 qui
1928 4317 1984 4371 in
2036 4318 2227 4374 multis
2266 4335 2389 4375 cum
2427 4321 2671 4394 Eutyche
2717 4326 3124 4392 consentiebat,
3167 4331 3426 4400 quoniam
3455 4347 3571 4388 non

307 4443 525 4508 poterat
545 4435 998 4505 Cbrysostomum
1027 4440 1219 4488 contra
1251 4429 1510 4503 Eutychis
1539 4433 1773 4490 haeresin
1811 4444 1998 4504 aperte
2044 4436 2358 4508 loquentem
2393 4441 2671 4509 inducere,
2706 4443 2800 4513 qui
2841 4444 2934 4499 diu
2976 4453 3102 4502 ante
3131 4447 3278 4503 illam
3318 4463 3569 4516 exortam

306 4553 553 4610 obiisset.
584 4549 740 4618 Quod
774 4556 955 4603 autem
979 4548 1071 4603 hic
1098 4563 1225 4604 cum
1251 4548 1652 4619 Apollinaristis
1697 4549 2068 4623 Eutychianos
2103 4555 2343 4610 maxime
2384 4556 2649 4624 confutet,
2689 4559 2925 4628 probant
2961 4521 3121 4616 vodes
3163 4563 3288 4631 illae,
3319 4572 3374 4619 et
3418 4565 3574 4621 modi

309 4672 568 4744 loquendi
602 4670 937 4741 frequentes,
968 4661 1107 4740 quos
1138 4684 1304 4740 supra
1336 4671 1910 4740 commemoravimus,
1937 4674 2032 4744 qui
2065 4685 2304 4745 tempore
2329 4675 2707 4748 Chrysostomi
2731 4679 2820 4732 vix
2860 4679 2978 4733 noti
3007 4690 3264 4746 erant,;et
3304 4692 3484 4740 tamen
3510 4684 3566 4740 in

308 4789 420 4843 hac
448 4786 675 4857 epistola
701 4785 906 4857 passim
931 4793 1265 4854 usurpantur
1285 4784 1476 4839 eodem
1500 4785 1663 4841 modo
1703 4803 1814 4857 quo
1843 4797 2034 4844 contra
2063 4787 2436 4861 Eutychianos
2471 4793 2700 4848 adhibiti
2737 4803 2927 4865 postea
2963 4794 3137 4852 fuere.

384 4921 575 4978 Restat
603 4930 663 4977 ut
691 4922 757 4977 de
784 4918 1034 4976 clausula
1078 4919 1171 4974 illa
1218 4935 1446 4991 agamus
1476 4920 1622 4977 circa
1669 4937 1834 4992 quam
1866 4924 2054 4979 multae
2096 4927 2429 4995 quaestiones
2466 4930 2680 4999 agitatae
2728 4940 2884 4998 sunt;
2939 4931 3029 4988 illa
3073 4947 3204 4988 vero
3244 4944 3368 4990 est:
3416 4932 3579 4990 Sicut

305 5039 453 5095 enim
477 5049 759 5109 antequam
785 5035 1146 5105 sanctiﬁcatur
1171 5040 1346 5105 panis,
1378 5053 1566 5106 panem
1593 5041 1924 5095 nominamus
1955 5056 1975 5094 :
2021 5043 2201 5098 divina
2249 5053 2429 5100 autem
2475 5047 2629 5101 illum
2674 5050 3042 5120 sanctiﬁcante
3066 5051 3264 5122 gratia,
3303 5053 3568 5108 mediante

307 5157 601 5224 sacerdote,
637 5158 890 5214 liberatus
917 5165 998 5214 est
1019 5157 1228 5228 quidem
1256 5157 1320 5210 ab
1344 5159 1693 5228 appellatione
1712 5162 1899 5231 panis;
1936 5164 2129 5234 dignus
2159 5175 2334 5220 autem
2369 5167 2581 5224 habitus
2615 5169 2880 5225 Dominici
2917 5174 3152 5241 corporis
3195 5173 3577 5244 appellatione,

310 5269 520 5326 etiamsi
545 5281 737 5324 natura
761 5269 914 5340 panis
947 5268 1009 5324 in
1032 5269 1146 5337 ipso
1176 5270 1489 5337 permansit,
1512 5278 1562 5324 et
1588 5287 1692 5324 non
1725 5270 1830 5325 duo
1859 5289 2104 5344 corpora,
2137 5276 2228 5331 sed
2262 5295 2420 5331 unum
2452 5296 2640 5351 corpus
2683 5279 2818 5336 Filii
2853 5284 3205 5354 prwdicamus
3226 5300 3246 5340 :
3279 5287 3356 5340 sic
3397 5285 3447 5340 et
3483 5289 3570 5343 hic

311 5387 496 5442 diuina
520 5387 776 5442 insidente
802 5389 1011 5457 corpori
1039 5397 1256 5453 natura,
1284 5404 1448 5442 unum
1482 5387 1712 5456 Filium,
1754 5407 1916 5446 unam
1968 5410 2246 5463 personam
2283 5407 2565 5471 utrumque
2603 5404 2898 5471 constituit,
2933 5408 3199 5478 cognitum
3232 5411 3342 5464 sine
3384 5413 3574 5488 confu-

310 5503 480 5570 sione,
506 5503 818 5559 indivisibili
841 5505 1068 5572 ratione,
1095 5518 1208 5558 non
1231 5504 1287 5556 in
1312 5519 1419 5556 una
1449 5504 1620 5558 solum
1656 5514 1876 5570 natura,
1899 5506 1988 5560 sed
2024 5508 2080 5562 in
2123 5511 2327 5566 duabus
2365 5514 2634 5584 perfectis.
2681 5515 2844 5574 Hinc'
2876 5519 3192 5578 heterodoxi
3241 5525 3568 5579 acerrimum

309 5631 506 5678 contra
535 5621 695 5678 ﬁdem
730 5623 1053 5679 catholicam
1085 5621 1254 5680 telum
1287 5635 1347 5677 se
1399 5626 1638 5680 mutuari
1671 5642 1834 5698 posse
1882 5633 2008 5702 rati,
2038 5634 2340 5688 secundum
2393 5634 2556 5704 hujus
2606 5638 2891 5709 scriptoris
2932 5651 3167 5697 mentem
3203 5643 3409 5714 absque
3461 5644 3570 5699 ulla

311 5741 617 5800 mutatione
646 5741 967 5799 substantiae
994 5742 1172 5812 panis,
1205 5737 1612 5798 Eucharistiam
1643 5745 2114 5818 conﬁci_pugnant
2143 5768 2157 5804 :
2206 5747 2299 5804 alii
2350 5749 2580 5806 ulterius
2621 5754 2927 5824 progressi,
2966 5771 3157 5825 panem
3210 5758 3576 5827 appellatione.
