3950 6372
459 419 565 477 755
1157 415 1215 471 S.
1251 414 1534 470 JOANNIS
1570 412 2063 470 CHRYSOSTOMI
2102 414 2423 471 ARCHIEP.
2462 417 3010 476 CONSTANTINOP.
3591 424 3677 482 ⁷51

456 563 571 616 sola
595 558 866 617 Dominici
896 561 1165 631 corporis,
1193 554 1303 616 non
1324 561 1614 632 praesentis
1636 562 1919 632 dignatam
1943 542 2067 616 esse
2089 562 2450 618 contendunt.
2492 562 2631 619 Illud
2673 577 2856 621 autem
2895 569 3055 638 quasi
3098 576 3304 623 certum
3349 568 3683 638 exploratum-

455 694 561 750 que
594 677 821 745 habent,
858 676 1000 733 hanc
1024 678 1311 748 epistolam
1335 694 1464 734 vere
1483 678 1715 734 Joannis
1742 678 2124 750 Chrysostomi
2178 697 2323 737 esse.
2379 682 2485 739 Sed
2531 700 2654 739 cum
2707 687 2927 742 abunde
2973 702 3139 757 supra
3194 688 3476 758 probatum
3525 687 3683 757 fuerit,

457 806 601 860 hanc
632 804 920 875 epistolam
949 819 1059 859 non
1085 816 1208 857 esse
1228 800 1633 872 Cbrysostomi,
1664 800 1882 856 etiamsi
1916 801 2047 869 quid
2073 815 2141 855 ex
2177 801 2347 872 ignoti
2386 805 2676 875 scriptoris
2709 807 2872 862 dictis
2914 808 2968 862 in
2999 822 3190 862 eorum
3224 809 3449 879 gratiam
3475 824 3688 880 emergeo

455 931 559 988 ret,
590 923 737 994 quod
767 931 948 977 tamen
971 922 1131 991 longe
1160 920 1332 984 abest,
1369 918 1577 973 nullam
1605 918 1732 973 hinc
1763 918 2002 973 mutuari
2033 929 2259 988 possent
2302 922 2714 988 auctoritatem,
2750 938 2876 977 cum
2909 938 3009 977 nec
3049 922 3175 993 quis
3208 923 3297 976 ille
3342 923 3564 993 scriptor
3588 920 3688 975 lue.

455 1044 546 1108 rit,
581 1052 681 1099 nec
709 1059 779 1100 an
812 1042 1138 1105 catholicus,
1173 1040 1612 1096 heterodoxusve
1638 1038 1806 1094 fuerit
1833 1037 2168 1108 deprehendi
2200 1040 2414 1109 possit;
2451 1040 2564 1095 imo
2592 1056 2721 1095 vero
2756 1056 2822 1096 ex
2860 1040 2931 1097 iis
2959 1055 3085 1109 qua:
3106 1039 3175 1095 de
3205 1039 3423 1095 deitatis
3449 1039 3691 1109 passibili-

454 1168 565 1215 tate
594 1157 752 1223 dixit,
786 1155 1035 1211 nonnihil
1065 1154 1308 1210 adversa:
1334 1163 1596 1210 nascatur
1621 1152 1978 1223 suspicionis.
2020 1152 2225 1208 Verum
2254 1154 2506 1225 quisquis
2535 1154 2626 1210 ille
2653 1155 2747 1219 sit,
2777 1155 2890 1226 jam
2938 1155 3122 1210 locum
3163 1154 3528 1223 dispiciamus.
3549 1169 3691 1209 excu-

455 1277 772 1346 tiamnsque
793 1275 971 1346 primo
991 1288 1097 1345 qua
1132 1279 1250 1327 arte
1279 1272 1460 1326 locum
1484 1269 1755 1340 ejusmodi
1785 1269 1852 1324 ad
1887 1270 2235 1339 praesentiam
2260 1268 2465 1325 Christi
2511 1271 2566 1325 in
2609 1270 2957 1326 Euebaristia
3001 1270 3307 1341 negandum
3347 1269 3690 1340 detorqueant.

457 1397 579 1463 llic,
611 1395 888 1467 inquiunt,
918 1392 1078 1463 panis
1100 1392 1302 1463 dignus
1323 1391 1546 1447 habitus
1574 1405 1698 1446 esse
1722 1389 1925 1445 dicitur
1956 1387 2228 1444 Dominici
2262 1390 2514 1459 corporis
2538 1386 2903 1458 appellatione
2932 1401 2947 1438 :
2990 1385 3135 1440 unde
3174 1385 3443 1455 sequitur,
3476 1386 3585 1441 solo
3610 1401 3695 1441 uo-

457 1516 605 1570 niine
632 1530 830 1586 panem
864 1512 919 1567 in
953 1510 1294 1565 Eucharistia
1317 1507 1662 1563 Dominicum
1687 1506 1945 1578 appellari
1973 1522 2173 1577 corpus
2200 1524 2215 1562 :
2247 1506 2317 1560 ad
2350 1504 2483 1576 quid
2510 1504 2658 1560 enim
2689 1518 2888 1574 panem
2929 1502 3153 1581 dignum
3186 1502 3431 1557 habitum
3462 1502 3693 1559 Dominici

457 1632 708 1703 corporis
737 1627 1101 1700 appellatione
1132 1626 1352 1692 dixerit,
1391 1626 1437 1680 si
1466 1639 1593 1679 vere
1625 1624 1768 1679 adsit
1799 1621 2147 1680 Dominicum
2194 1623 2436 1694 corpus?
2478 1622 2587 1678 Sed
2634 1637 2899 1693 quorsum
2944 1621 3052 1676 illa:
3095 1621 3468 1687 circuitiones,
3509 1620 3697 1690 quando

460 1752 609 1805 clare
635 1746 872 1816 scriptor
904 1747 1004 1800 iste
1033 1744 1108 1798 ait
1133 1752 1385 1797 naturam
1419 1740 1579 1812 panis
1611 1750 1666 1796 et
1687 1740 2034 1795 Dominicum
2063 1753 2287 1809 corpus,
2315 1753 2425 1792 non
2456 1736 2568 1792 duo
2598 1751 2854 1807 corpora,
2880 1737 2978 1792 sed
3011 1722 3182 1791 unum
3214 1750 3417 1806 corpus
3447 1731 3560 1788 Filii
3583 1748 3700 1804 prae-

459 1869 877 1927 dicari?annon
902 1866 1032 1921 hinc
1062 1864 1290 1919 omnino
1317 1862 1677 1933 consequitur
1727 1874 1927 1929 corpus
1960 1857 2085 1912 Filii
2118 1871 2248 1913 vere
2276 1857 2334 1911 in
2374 1855 2722 1911 Eueharistia
2765 1854 3001 1909 haberi?
3033 1868 3218 1909 annon
3267 1853 3361 1908 illa
3401 1855 3701 1924 comparatio

461 1984 689 2039 unitatis
719 1993 925 2039 natura:
950 1982 1099 2056 [740]
1132 1984 1289 2054 panis
1313 1991 1367 2037 et
1394 1980 1644 2050 corporis
1671 1978 1945 2035 Dominici
1978 1993 2107 2034 cum
2157 1986 2355 2032 natura
2398 1975 2583 2031 divina
2626 1983 2684 2029 et
2733 1974 2994 2035 humana,
3038 1988 3207 2027 unum
3251 1973 3452 2028 Filium
3489 1983 3542 2029 et
3564 1989 3701 2030 unam

459 2117 751 2172 personam
780 2098 1069 2166 eﬂiciente,
1101 2100 1329 2155 omnino
1357 2098 1531 2153 futilis
1557 2097 1683 2159 erit,
1714 2095 1761 2149 si
1787 2110 1991 2161 corpus
2016 2091 2225 2148 Christi
2246 2106 2353 2145 non
2385 2091 2458 2146 sit
2492 2104 2623 2145 vere
2662 2090 2719 2143 in
2750 2087 3144 2144 Eucharistia?
3183 2088 3350 2144 Aliud
3399 2090 3557 2145 telum
3592 2104 3704 2145 con-

461 2228 742 2289 torquent,
775 2219 1106 2288 graviusque
1131 2219 1358 2277 instant.
1388 2232 1453 2271 ac
1496 2214 2170 2270 transsnbstantiationem
2222 2211 2313 2267 hic
2360 2218 2549 2281 aperte
2594 2210 2781 2281 impeti
2825 2219 3090 2279 pugnant.
3132 2208 3294 2274 Nam,
3339 2212 3598 2283 inquiunt,
3625 2213 3699 2268 hic

464 2340 768 2394 luculenter
789 2338 990 2393 dicitur
1011 2353 1208 2407 panem
1243 2337 1296 2391 in
1337 2336 1683 2391 Eucharistia
1737 2343 1865 2405 post
1911 2331 2402 2388 sanetilicationem
2452 2345 2775 2396 remanere,
2825 2331 2989 2401 idque
3043 2331 3131 2387 his
3181 2334 3367 2390 verbis
3414 2335 3706 2403 declaratur,

466 2458 699 2513 Etiamsi
725 2468 919 2511 natura
941 2456 1094 2526 panis
1117 2454 1171 2507 in
1200 2455 1313 2523 ipso
1333 2454 1646 2523 permansit,
1677 2463 1727 2507 et
1750 2469 1854 2506 non
1886 2452 1992 2503 duo
2015 2465 2259 2519 corpora,
2289 2449 2379 2502 sed
2420 2464 2583 2502 unum
2616 2465 2805 2519 corpus
2836 2446 2885 2501 F
2887 2450 2967 2503 itii
3005 2452 3383 2521 prwdicamus.
3410 2454 3612 2523 Verum,
3655 2464 3708 2513 ut

465 2580 656 2635 multis
677 2579 945 2649 exemplis
966 2577 1162 2647 prohat
1203 2574 1543 2642 Harduinus,
1583 2582 1776 2629 natura
1802 2581 1857 2628 et
1886 2570 2045 2625 οὐσία
2078 2572 2386 2643 cujuSpiam
2417 2574 2494 2628 rei
2521 2589 2665 2644 sarpe
2687 2573 2832 2644 apud
2863 2571 3052 2631 Patres
3085 2578 3362 2648 signiﬁcat
3386 2584 3706 2653 proprietates
3784 2558 3800 2574 ’

464 2698 747 2755 naturales
774 2697 853 2752 rei
879 2696 1122 2767 ejusdem
1151 2714 1165 2763 ;
1191 2705 1246 2750 at
1275 2696 1363 2750 hic
1392 2695 1755 2766 proprietates
1786 2707 1979 2747 omnes
2008 2693 2293 2748 naturales
2323 2694 2485 2765 panis
2514 2705 2855 2763 permanent,
2887 2706 2942 2752 et
2970 2699 3239 2769 quidquid
3265 2700 3323 2754 in
3357 2717 3492 2771 pane
3516 2718 3705 2758 sensum

465 2835 671 2891 movet,
697 2832 977 2895 aspectum
1008 2822 1239 2887 scilicet,
1268 2829 1470 2875 tactum
1495 2831 1550 2875 et
1580 2804 1839 2889 gustum;
1867 2833 1996 2896 nam
2024 2816 2079 2872 id
2129 2815 2310 2871 solum
2353 2815 2408 2870 in
2446 2826 2641 2871 natura
2688 2817 2955 2890 cujusque
2998 2820 3076 2874 rei
3122 2822 3348 2876 sensilis
3388 2823 3705 2894 percipimus

466 2943 540 2997 ita
573 2950 633 2994 ut
658 2951 855 2995 natura
882 2938 1042 3009 panis
1068 2937 1157 2991 hic
1183 2946 1294 2993 tota
1321 2935 1711 3006 perspiciatur,
1738 2935 1868 2990 licet
1896 2933 2017 3004 ejus
2046 2933 2276 2988 materia
2307 2942 2362 2988 et
2393 2934 2702 2990 substantia
2739 2935 2793 2989 in
2821 2951 3021 3006 corpus
3048 2936 3256 2992 Christi
3311 2947 3514 2994 mutata
3558 2939 3708 2994 fuerit.

465 3059 727 3115 Naturam
752 3068 900 3114 certe
928 3058 1084 3129 panis
1116 3058 1197 3112 sic
1225 3056 1564 3111 intellexisse
1594 3053 1839 3124 oportuit
1869 3053 2019 3107 hunc
2043 3052 2390 3120 scriptorem,
2437 3055 2693 3126 quisquis
2738 3056 2957 3111 tandem
3001 3057 3091 3112 ille
3138 3058 3308 3115 fuerit
3344 3080 3359 3116 :
3396 3077 3516 3117 nam
3552 3077 3711 3133 panem

467 3184 524 3239 in
557 3200 760 3254 corpus
783 3183 988 3239 Christi
1024 3182 1226 3237 mutari
1259 3191 1390 3236 tunc
1420 3181 1476 3235 in
1502 3179 1748 3235 Ecclesia.
1773 3179 1963 3235 Graeca
1992 3180 2160 3252 vulgo
2186 3181 2491 3248 dicebatur,
2521 3199 2629 3253 qua
2665 3186 2969 3241 mutatione
3007 3183 3151 3239 facta
3200 3194 3338 3240 tunc
3383 3200 3487 3240 non
3518 3183 3712 3257 amplius

469 3301 778 3357 substantia
805 3303 961 3372 panis
984 3304 1038 3357 in
1069 3299 1418 3357 Eucharistia
1440 3307 1579 3354 erat.
1618 3298 1711 3355 Sic
1754 3306 1942 3353 autem
1987 3299 2374 3369 explicandum
2414 3301 2562 3356 hunc
2595 3302 2917 3372 scriptorem
2957 3318 3082 3358 esse
3126 3301 3396 3374 probatur
3433 3317 3499 3356 ex
3538 3298 3712 3355 Joanne

471 3426 836 3494 Damascenu,
865 3430 958 3500 qui
988 3428 1130 3483 hanc
1150 3427 1436 3498 epistolam
1464 3425 1699 3496 legebat,
1746 3440 1979 3495 eamque
2016 3440 2118 3496 pro
2140 3424 2370 3481 Joannis
2392 3424 2772 3498 Clnysostomi
2812 3426 2923 3482 fetu
2953 3427 3205 3492 habebat,
3233 3430 3444 3499 quique
3479 3428 3590 3498 ejus
3617 3439 3714 3496 par-

471 3560 581 3606 tem
616 3565 723 3605 non
755 3548 1038 3603 minimam
1068 3547 1273 3603 retulit.
1301 3546 1422 3618 Ipse
1454 3546 1657 3617 quippe
1683 3543 1927 3601 Joannes
1953 3543 2324 3602 Damascenus
2364 3546 2432 3602 de
2473 3546 2795 3603 Orthodoxa
2850 3547 2956 3603 ﬁde
2997 3549 3140 3605 libro
3187 3562 3391 3620 quarto
3439 3566 3494 3622 p.
3529 3548 3623 3603 270
3657 3544 3717 3600 sic

471 3669 635 3725 habet
668 3687 682 3723 :
717 3669 929 3739 Ὥσπερ
965 3666 1214 3737 φυσικῶς
1243 3667 1330 3720 διὰ
1362 3669 1460 3738 τῆς
1497 3665 1755 3737 βρώσεως
1784 3667 1813 3719 ὁ
1844 3662 2029 3736 ἄρτος,
2063 3665 2157 3719 καὶ
2188 3666 2217 3717 ὁ
2246 3661 2393 3729 οἶνος
2431 3668 2526 3720 καὶ
2554 3667 2616 3720 τὸ
2646 3667 2791 3739 ὕδωρ
2823 3668 2915 3722 διὰ
2945 3672 3045 3740 τῆς
3091 3670 3306 3733 πόσεως
3346 3672 3427 3734 εἰς
3471 3669 3617 3740 σῶμα
3645 3663 3718 3718 καὶ

469 3780 611 3856 αἷμα
637 3783 733 3838 τοῦ
766 3783 1038 3847 ἐσθίοντος
1074 3783 1167 3836 καὶ
1198 3782 1445 3845 πίνοντος
1466 3780 1918 3851 μεταόάλλονται,
1938 3781 2036 3833 καὶ
2065 3779 2126 3831 οὐ
2151 3779 2396 3843 γίνονται
2419 3780 2607 3852 ἕτερον
2632 3781 2794 3852 σῶμα
2816 3780 2971 3852 παρὰ
3004 3781 3067 3835 τὸ
3088 3781 3357 3853 πρότερον
3384 3780 3542 3836 αὑτοῦ
3570 3778 3720 3847 σῶμα,

468 3898 643 3958 οὕτως
661 3901 690 3953 ὁ
710 3900 811 3970 τῆς
835 3899 1149 3971 προθέσεως
1172 3898 1356 3969 ἄρτος,
1378 3895 1518 3960 οἶνός
1542 3914 1600 3948 τε
1628 3896 1724 3949 καὶ
1754 3895 1921 3966 ὕδωρ,
1944 3894 2041 3985 ιδιὰ
2068 3895 2170 3963 τῆς
2199 3895 2539 3966 ἐπικλήσεως
2562 3897 2655 3949 καὶ
2685 3896 3087 3966 ὲπιφοιτήσεως
3121 3894 3213 3948 τοῦ
3238 3896 3400 3963 ἁγίου
3423 3893 3716 3960 Πνεύματοςι

470 4010 770 4081 ὑπερφυῶς
807 4011 1231 4083 μεταποιοῦνται
1281 4014 1363 4076 εἰς
1416 4012 1477 4065 τδ
1520 4011 1682 4081 σῶμα
1729 4010 1824 4065 τοῦ
1874 4008 2112 4081 Χριστοῦ
2148 4011 2244 4063 καὶ
2272 4012 2333 4063 τὸ
2380 4006 2543 4081 αἷμα..
2572 4012 2667 4064 καὶ
2712 4012 2813 4064 οὐκ
2850 4011 2957 4064 εἰσὶ
2982 4011 3097 4077 δύο,
3130 4013 3247 4066 ἀλλ’
3277 4012 3339 4063 ἓν
3369 4012 3463 4066 καὶ
3491 4010 3550 4063 τὸ
3575 4004 3717 4061 αὑτός

474 4126 937 4191 Quemadmodum
968 4125 1293 4179 naturaliter
1330 4125 1483 4196 panis
1512 4141 1604 4194 per
1635 4126 2031 4189 comestionem,
2063 4128 2343 4197 vinumque
2368 4136 2417 4180 et
2458 4145 2596 4197 aqua
2626 4145 2718 4197 per
2748 4129 3032 4197 potionem,
3061 4130 3114 4182 in
3144 4145 3337 4199 corpus
3367 4138 3416 4184 et
3448 4126 3717 4197 sanguinem

474 4244 792 4302 comedenti:
826 4254 875 4297 et
914 4244 1137 4297 bibentis
1174 4252 1629 4309 transmutantur,
1662 4259 1755 4295 nec
1784 4260 1974 4313 corpus
2004 4245 2140 4312 ﬁunt
2177 4244 2326 4296 aliud
2358 4260 2392 4297 a
2432 4261 2648 4314 corpore
2676 4246 2792 4315 ejus
2824 4245 2963 4316 quod
2994 4247 3143 4316 prius
3174 4247 3419 4299 exstabat
3447 4259 3467 4299 :
3493 4222 3564 4297 sit:
3583 4235 3708 4309 pani!

473 4360 565 4431 qui
589 4362 645 4415 in
670 4360 907 4430 prothesi
941 4368 1277 4429 pra'paratus
1315 4359 1441 4428 fuit,
1476 4359 1653 4412 vinum
1681 4360 1807 4413 item
1840 4369 1889 4413 et
1927 4375 2068 4430 aqua
2090 4376 2179 4422 per
2218 4360 2601 4415 invocationem
2633 4371 2681 4415 et
2713 4362 3001 4416 adventant
3032 4360 3266 4430 Spiritus
3297 4360 3473 4413 sancti
3501 4365 3719 4425 superua-

477 4481 727 4535 turaliter
755 4487 1034 4533 mutantur
1059 4480 1113 4532 in
1148 4494 1336 4548 corpus
1367 4488 1414 4531 et
1442 4479 1753 4548 sanguinem
1782 4477 2014 4540 Christi;
2042 4495 2134 4532 nec
2162 4479 2267 4535 duo
2292 4490 2437 4546 sunt,
2471 4482 2561 4534 sed
2593 4498 2755 4534 unum
2778 4490 2827 4535 et
2858 4482 3018 4535 idem.
3045 4480 3172 4535 IIil‘C
3203 4477 3443 4533 Joannes
3471 4474 3717 4528 Damasce-

478 4610 603 4659 nus,
639 4596 734 4665 qui
764 4598 911 4651 hunc
932 4611 1042 4666 quo
1070 4595 1138 4650 de
1168 4593 1400 4664 quaestio
1436 4601 1519 4648 est
1559 4594 1738 4649 locum
1772 4594 1824 4647 in
1854 4602 2036 4649 mente
2068 4595 2328 4650 habuisse
2358 4596 2571 4651 videtur
2606 4612 2732 4651 eum
2765 4596 2881 4651 haec
2922 4594 3204 4652 scriberet.
3244 4590 3364 4647 Nisi
3399 4588 3616 4646 dixisset
3645 4594 3720 4633 all-

480 4718 587 4765 tem
624 4723 818 4777 panem
858 4718 914 4765 et
949 4710 1135 4765 vinum
1167 4710 1661 4780 supernaturaliter
1691 4710 1891 4764 mutari
1926 4711 1980 4763 in
2015 4726 2217 4780 corpus
2243 4719 2298 4766 et
2346 4712 2668 4783 sanguinem
2707 4710 2949 4777 Christi,
2990 4726 3058 4765 ex
3098 4709 3487 4780 sequentibus,
3521 4719 3607 4758 nec
3640 4697 3721 4750 duo

483 4837 626 4894 sunt,
657 4831 748 4883 sed
782 4848 945 4885 unum
973 4843 1019 4886 et
1050 4833 1210 4899 idem,
1248 4832 1514 4888 inferrent
1540 4833 1682 4888 haud
1716 4833 1881 4888 dubie
1910 4834 2267 4890 hetcrodoxi:
2310 4834 2357 4890 si
2379 4835 2539 4905 panis
2576 4844 2628 4891 et
2664 4835 2856 4889 vinum
2892 4833 3057 4889 simul
3104 4849 3230 4889 cum
3266 4845 3495 4901 corpore
3537 4836 3588 4881 et
3617 4836 3721 4877 san-

484 4954 647 5022 guine
670 4953 872 5011 Christi
901 4973 1070 5011 unum
1095 4966 1150 5012 et
1184 4956 1326 5011 idem
1358 4957 1470 5012 sint
1505 4957 1558 5010 in
1590 4955 1956 5022 Eneharistia,
1997 4972 2129 5027 ergo
2152 4965 2275 5027 post
2306 4956 2794 5012 sanctiﬁcationem
2832 4956 2987 5027 panis
3014 4965 3068 5011 et
3096 4956 3283 5009 vinum
3313 4956 3625 5012 remanent;
3650 4937 3723 4997 sed

484 5087 609 5126 eum
638 5071 792 5141 prius
827 5073 1027 5127 dixerit
1059 5091 1251 5145 panem
1283 5087 1337 5130 et
1360 5076 1549 5128 vinum
1579 5074 1778 5129 mutari
1807 5075 1862 5129 in
1899 5092 2099 5146 corpus
2144 5086 2199 5131 et
2231 5078 2555 5149 sanguinem
2606 5077 2809 5134 Christi
2836 5096 2849 5132 :
2900 5078 3046 5148 quod
3094 5076 3377 5146 subjungit
3414 5079 3622 5144 postea,
3649 5076 3723 5117 πει

481 5188 591 5241 duo
620 5194 766 5251 sunt,
796 5187 887 5239 sed
911 5202 1074 5240 unum
1103 5196 1152 5240 et
1182 5189 1343 5253 idem,
1373 5204 1480 5242 non
1537 5188 1609 5242 ita
1667 5188 2081 5257 intelligendum
2133 5199 2239 5255 est,
2276 5199 2336 5244 ιιι
2382 5190 2499 5260 ipsa
2535 5190 2693 5260 panis
2751 5203 2805 5245 et
2859 5191 2968 5244 vini
3023 5190 3327 5247 substantia
3380 5191 3659 5247 remaneat,
3685 5185 3728 5231 ει

488 5325 658 5363 unum
687 5307 911 5364 sitcum
935 5323 1163 5377 corpore
1193 5310 1440 5376 Christi;
1476 5309 1719 5379 alioquin
1753 5309 1899 5363 enim
1943 5324 2050 5363 non
2091 5320 2301 5365 mutata
2345 5308 2539 5364 fuisset
2584 5310 2637 5363 in
2673 5325 2874 5379 corpus
2923 5318 2979 5362 et
3026 5308 3350 5377 sanguinem
3404 5302 3628 5366 Christi;
3651 5290 3726 5351 sed

485 5434 632 5503 quod
669 5430 1031 5502 proprietates
1061 5430 1165 5483 illa!
1190 5446 1380 5486 omnes
1404 5447 1526 5501 qum
1557 5431 1687 5485 solae
1721 5431 1774 5485 in
1812 5445 1947 5499 pane
1976 5439 2030 5483 et
2061 5430 2188 5483 vino
2217 5445 2381 5484 sensu
2414 5428 2792 5499 percipiuntur
2823 5439 3161 5494 remaneant,
3200 5439 3256 5483 et
3296 5445 3418 5485 cum
3452 5437 3662 5493 corpore
3682 5425 3727 5471 ει

488 5546 757 5616 sanguine
784 5527 1186 5600 Christihnnun
1222 5553 1629 5599 sacramentum
1652 5543 1889 5598 etiieiaut
1912 5551 1965 5597 et
1987 5547 2065 5597 sic
2094 5544 2451 5612 explicandus
2481 5554 2565 5598 est
2616 5553 2811 5599 auctor
2848 5545 3091 5614 cpistola:
3133 5544 3201 5599 ad
3240 5544 3551 5607 Caesarium,
3594 5545 3728 5607 quem

492 5676 603 5729 prae
627 5660 803 5715 oculis
834 5668 966 5713 tunc
990 5658 1186 5713 habuit
1206 5656 1447 5714 Joannes
1470 5657 1843 5713 Datuaseenus
1875 5675 1887 5710 :
1919 5658 2065 5728 quod
2090 5660 2236 5714 enim
2268 5659 2420 5725 dicit,
2465 5659 2695 5716 Etiamsi
2720 5672 2915 5716 natura
2941 5663 3094 5730 panis
3144 5668 3413 5722 remansit,
3441 5662 3505 5713 de
3546 5648 3726 5725 specie~

492 5778 597 5832 bus
626 5784 681 5831 et
702 5777 1126 5845 proprietatibus
1149 5746 1362 5831 tantum
1398 5775 1557 5847 panis
1592 5774 2006 5843 intelligendum
2041 5784 2146 5833 cst.
2169 5774 2357 5847 Neque
2385 5776 2533 5833 enim
2571 5793 2768 5848 negare
2798 5779 2969 5836 voluit
3010 5778 3097 5834 ille
3132 5776 3483 5833 mutationem
3527 5769 3664 5842 panis
3684 5766 3728 5819 cl
