3950 6404
480 371 584 426 7ῢῆ
1169 373 1226 425 8.
1270 370 1555 427 JOANNIS
1589 367 2082 426 CIIRYSOSTOMI
2120 367 2439 425 ARCIIIEP.
2480 368 3031 427 CONSTANTINOP.
3599 364 3709 430 ’Πἰῖ

485 500 1348 531 ωας-..επ

1155 500 3679 532 W

1729 702 2488 817 PRIEFATIO

1032 926 1143 989 CL.
1201 928 1275 989 V.
1338 929 1654 991 EMERICI
1704 929 1990 991 BIGOTII
2043 928 2122 990 IN
2180 924 2606 989 EPISTOLAM
2659 926 3188 989 CHRYSOSTOMI

1659 1109 1743 1153 AD
1792 1108 2121 1153 CESARIUM
2176 1109 2567 1167 MONACHUM,

484 1269 617 1350 Qua:
655 1280 757 1350 fuit
795 1295 1075 1349 suppressa
1111 1279 1164 1332 in
1204 1277 1431 1332 editione
1470 1277 1707 1343 Palladii
1761 1279 1826 1331 de
1887 1275 2012 1330 Vita
2054 1277 2450 1348 Chrysostomi,
2487 1274 2715 1333 Parisiis
2770 1277 2987 1349 vulgata
3039 1280 3181 1349 apud
3219 1264 3436 1334 viduam
3474 1279 3709 1336 Edmundi

1822 1369 2047 1425 Martini
2076 1388 2215 1425 anno
2246 1370 2405 1427 I680.

557 1549 707 1623 17M]
741 1548 894 1605 lianc
917 1548 1217 1605 orationem
1244 1549 1491 1617 sequitur
1526 1546 1754 1615 epistola
1782 1546 1848 1600 ad
1880 1545 2177 1602 Caesarium
2219 1546 2584 1613 monachum,
2615 1563 2739 1619 quae
2768 1548 2898 1604 licet
2935 1548 3114 1603 nitore
3158 1565 3261 1604 suo
3291 1549 3509 1614 nativo,
3556 1548 3603 1603 id
3643 1558 3711 1603 est

486 1642 675 1699 Graeco
702 1642 943 1711 eloquio,
969 1642 1246 1706 destituta,
1282 1640 1639 1695 nihilominus
1669 1640 1771 1694 sub
1800 1639 1922 1693 velo
1951 1640 2153 1696 veteris
2187 1639 2395 1694 Latinae
2424 1639 2893 1711 interpretationis
2924 1641 3189 1697 mirificos
3219 1641 3543 1713 eloquentiae
3567 1641 3714 1696 diser-

484 1739 683 1795 tissimi
714 1737 956 1794 doetoris
985 1737 1170 1793 radios
1191 1737 1430 1791 exhibet.
1462 1735 1680 1790 Primus
1708 1735 1803 1805 qui
1830 1734 2039 1791 ultimis
2069 1736 2406 1805 temporibus
2435 1735 2600 1805 hujus
2630 1735 2882 1790 meminit
2923 1736 3201 1806 epistolae,
3247 1735 3352 1791 fuit
3387 1734 3570 1791 Petrus
3594 1733 3713 1788 Mar-

486 1846 574 1908 tyr
603 1835 971 1899 Florentinus,
1002 1834 1094 1905 qui
1124 1849 1190 1889 ex
1220 1848 1286 1889 ea
1317 1833 1497 1888 locum
1525 1832 1817 1903 quemdam
1844 1832 2071 1902 protulit
2099 1833 2153 1887 in
2180 1831 2342 1888 Locis
2380 1834 2788 1889 communibus.
2824 1832 3080 1889 lnsolitus
3121 1833 3383 1903 loquendi
3425 1832 3491 1888 de
3530 1831 3714 1887 Eucha-

483 1927 639 1983 ristia
671 1927 888 1993 modus,
921 1927 1013 1997 qui
1042 1941 1110 1980 ex
1139 1940 1203 1980 ea
1233 1923 1590 1991 referebatur,
1618 1940 1649 1980 a
1673 1923 1905 1980 Joannis
1933 1924 2312 1995 Chrysostomi
2362 1925 2551 1995 phrasi
2584 1941 2650 1980 ac
2698 1926 2860 1997 genio
2900 1941 3126 1996 prorsus
3168 1926 3403 1990 alienus,
3435 1924 3643 1979 lectores
3668 1921 3711 1975 in

483 2022 730 2077 diversas
759 2021 927 2076 traxit
956 2019 1288 2086 sententias;
1320 2019 1444 2074 aliis
1474 2018 1874 2089 supposititiam
1923 2033 2046 2074 esse
2090 2019 2507 2083 afﬁrmantibus,
2560 2019 2685 2075 aliis
2730 2034 2831 2090 pro
2883 2020 3024 2074 virili
3070 2017 3525 2074 contendentibus
3560 2027 3712 2069 veram

482 2131 607 2173 esse
635 2132 700 2172 ac
751 2116 1065 2186 genuinam,
1122 2128 1316 2168 omnes
1372 2113 1639 2181 integram
1690 2111 1874 2167 videre
1923 2126 2136 2167 summe
2181 2112 2546 2182 concupivere
2577 2130 2590 2165 :
2622 2112 3023 2181 dolueruntque
3054 2111 3274 2166 Petrum
3319 2110 3614 2181 Martyrem,
3637 2106 3712 2177 qui

482 2213 694 2283 primus
729 2212 797 2269 de
825 2227 889 2267 ea
925 2211 1253 2266 mentionem
1286 2210 1569 2277 iujeeerat,
1602 2208 1829 2262 minime
1854 2208 2128 2263 indicasse
2154 2223 2263 2278 qua
2313 2208 2368 2262 in
2410 2206 2739 2263 bibliotheca
2789 2215 3029 2263 exstaret
3079 2207 3250 2261 codex
3309 2204 3412 2260 Ms.
3463 2201 3713 2259 Florentiae

483 2309 801 2365 delitescere
830 2307 1076 2363 omnium
1103 2314 1222 2361 erat
1256 2305 1519 2376 suspicio,
1547 2304 1677 2375 quia
1708 2303 2062 2359 Florentinus
2093 2302 2198 2358 fuit
2226 2302 2424 2359 Petrus
2452 2302 2678 2375 Martyr,
2714 2302 2811 2360 sed
2849 2302 2966 2370 ubi,
2997 2301 3067 2358 ab
3098 2302 3360 2358 omnibus
3390 2299 3709 2357 nesciebatur.

484 2399 614 2454 Mihi
644 2414 767 2469 quae
793 2398 1010 2454 fortuna
1050 2398 1259 2455 faverat
1287 2397 1344 2452 in
1372 2397 1696 2468 reperienda
1724 2405 1985 2454 contextu
2030 2397 2222 2455 Graeco
2253 2399 2311 2454 S.
2337 2397 2564 2455 Joannis
2606 2397 3017 2470 Chrysostomi,
3058 2397 3360 2455 hic.etiam
3402 2411 3508 2450 non
3550 2391 3708 2448 defuit.

483 2492 620 2564 Ejus
646 2492 926 2560 exemplar
956 2492 1134 2561 reperi
1172 2492 1315 2562 apud
1348 2489 1463 2544 RR.
1488 2489 1593 2547 PP.
1626 2489 2039 2557 Dominieanos,
2072 2492 2128 2546 in
2162 2490 2497 2547 Monasterio
2540 2489 2599 2547 S.
2636 2490 2826 2546 Marci.
2874 2491 3048 2561 Cujus
3088 2499 3142 2546 te
3178 2490 3235 2545 in
3279 2499 3483 2561 partem
3520 2484 3711 2559 ἐρμαίου

340 2600 350 2609 ’
430 2644 434 2649 ,
484 2583 675 2640 venire
704 2582 883 2639 libens
913 2584 1130 2654 patior;
1164 2598 1267 2639 nec
1301 2591 1561 2653 exspecto
1586 2594 1649 2638 ut
1676 2583 1812 2638 mihi
1845 2584 2149 2640 sucelames
2194 2585 2250 2640 in
2303 2599 2616 2651 commune,
2668 2584 2848 2648 κοινὸς
2886 2583 3114 2657 Ἑρμῆς,
3156 2583 3200 2637 si
3245 2582 3412 2639 modo
3454 2577 3648 2637 exorari
3674 2585 3717 2631 te

484 2684 657 2751 sinas,
684 2694 745 2739 ut
772 2682 1004 2749 benigna
1036 2678 1484 2752 interpretatione
1512 2680 1780 2744 emollias,
1814 2696 1938 2751 quae
1966 2682 2284 2739 duriuscule
2317 2691 2518 2738 sonant
2545 2682 2613 2738 de
2636 2680 2995 2738 Eucharistiae
3039 2689 3387 2737 sacramento
3408 2721 3424 2748 ,
3457 2688 3509 2735 et
3541 2678 3590 2733 in
3620 2688 3715 2731 me-

484 2776 719 2833 moriam
750 2790 974 2831 revoces
1004 2781 1084 2829 tot
1105 2784 1159 2829 et
1184 2784 1296 2829 tam
1327 2773 1567 2843 insignes
1601 2774 1774 2837 locos,
1809 2772 1864 2828 in
1895 2773 2096 2844 quibus
2121 2774 2258 2830 adeo
2288 2775 2592 2830 luculenter
2627 2773 2695 2829 de
2739 2774 2843 2829 hoe
2888 2784 3244 2830 sacrosancto
3284 2772 3542 2846 mysterio
3566 2766 3715 2840 loqui-

485 2876 578 2921 tur
617 2864 860 2922 Joannes
890 2874 1113 2931 noster,
1144 2872 1208 2919 ut
1243 2864 1436 2920 doctor
1479 2863 1839 2921 Eucharistize
1886 2866 2072 2920 vocari
2118 2867 2382 2921 meruerit
2413 2884 2428 2921 :
2464 2867 2606 2922 sicut
2658 2865 2718 2921 S.
2765 2865 3104 2935 Augustinus
3137 2865 3335 2922 doctor
3370 2864 3559 2921 Gratia
3584 2862 3715 2933 vulgo
3762 2850 3763 2857 “

482 2962 831 3031 praedicatur.
866 2959 989 3015 Dixi
1014 2960 1236 3016 Petrum
1263 2960 1559 3031 Martyrem
1587 2959 1884 3030 postremis
1917 2962 2257 3032 temporibus
2300 2961 2468 3033 hujus
2507 2962 2752 3033 epistolae
2799 2962 3141 3026 meminisse,
3188 2978 3316 3033 quae
3351 2970 3507 3017 antea
3551 2956 3715 3015 Graecis

483 3050 738 3109 Patribus
769 3052 1058 3109 notissima
1091 3051 1295 3118 fuerat,
1324 3060 1511 3122 utpote
1547 3051 1644 3122 qui
1680 3052 1856 3107 multa
1884 3052 2198 3108 testimonia
2244 3068 2313 3109 ex
2357 3055 2734 3111 ea‘adversus
2775 3053 3186 3126 Monophysitas
3222 3065 3280 3110 et
3313 3053 3603 3125 Acephalos
3640 3054 3714 3104 atl—

484 3146 776 3213 duxerunt,
810 3155 872 3201 ut
903 3146 1199 3202 observare
1231 3146 1357 3200 licet
1394 3145 1449 3199 in
1478 3144 1624 3200 notis
1653 3161 1793 3215 quas
1821 3146 2054 3218 margini
2089 3148 2342 3217 apposui,
2374 3147 2669 3203 indicando
2701 3147 2933 3204 Codices
2975 3164 3043 3203 ex
3096 3149 3302 3219 quibus
3352 3157 3554 3213 textum
3595 3145 3714 3202 Gra-

486 3251 615 3293 cum
651 3239 797 3308 apud
825 3239 951 3294 illos
978 3238 1168 3294 Patres
1201 3253 1231 3292 a
1265 3253 1355 3292 me
1382 3237 1666 3292 inventum
1698 3237 1988 3308 descripsi.
2028 3237 2298 3295 Caeterum
2330 3239 2423 3295 ubi
2460 3240 2786 3296 deﬁciebant
2818 3242 2985 3297 verba
3009 3241 3219 3306 Greca,
3264 3256 3436 3297 vacua
3473 3226 3712 3296 columna-

487 3350 613 3389 rum
649 3336 825 3405 spatia
858 3334 1074 3405 reliqui,
1107 3349 1206 3390 nec
1230 3348 1426 3404 passus
1456 3348 1579 3389 sum
1606 3348 1669 3388 ea
1690 3335 1931 3404 punctis,
1954 3342 2051 3388 aut
2082 3336 2318 3399 lineolis,
2350 3337 2496 3391 sicut
2520 3337 2869 3392 librariorum
2910 3352 3032 3393 mos
3072 3346 3175 3403 est,
3202 3338 3425 3408 repleri,
3457 3346 3513 3391 ut
3542 3331 3715 3404 possint

487 3428 623 3486 inihi
652 3429 753 3484 viri
785 3430 988 3485 eruditi
1029 3430 1192 3485 verba
1217 3428 1402 3485 Graeca
1443 3429 1745 3495 ascribere,
1780 3430 1827 3484 si
1862 3432 2085 3499 quando
2111 3446 2175 3485 ea
2218 3430 2549 3485 invenerint.
2582 3431 2720 3486 Cum
2750 3432 2897 3486 enim
2941 3431 3320 3501 experimento
3350 3430 3602 3493 noverim,
3627 3438 3713 3496 quo

489 3544 643 3594 casu,
676 3541 851 3597 quave
879 3525 1092 3580 fortuna
1126 3522 1178 3578 in
1211 3541 1274 3579 ea
1303 3540 1426 3594 qua:
1455 3525 1665 3579 attexui
1700 3524 2015 3580 testimonia
2058 3524 2365 3588 inciderim,
2408 3540 2517 3578 non
2570 3524 2800 3594 despero
2851 3524 2921 3579 ab
2968 3524 3119 3597 aliis,
3147 3524 3259 3579 alia
3307 3538 3469 3595 posse
3502 3516 3713 3575 inveniri.

488 3595 733 3689 Quisque
764 3618 1080 3689 experiatur
1111 3617 1202 3671 cui
1235 3617 1454 3673 fortuna
1478 3617 1586 3672 erit
1614 3616 1923 3684 faventior;
1963 3627 2017 3672 et
2044 3617 2091 3673 si
2124 3617 2212 3673 cui
2243 3633 2305 3672 ea
2338 3618 2815 3681 obsecundaverit.
2858 3619 2905 3673 is
2933 3633 3008 3672 ne
3045 3595 3270 3688 publico
3294 3617 3545 3679 invideat,
3572 3622 3713 3682 neque

489 3712 630 3782 apud
664 3727 724 3767 se
757 3711 976 3765 iuventa
1005 3709 1260 3780 privatim
1285 3709 1546 3765 detineat.
1573 3709 1680 3776 Qui
1714 3718 1926 3765 veteres
1953 3710 2123 3765 libros
2148 3718 2421 3777 tractant,
2460 3719 2665 3765 norunt
2711 3711 2916 3764 nullam
2961 3710 3165 3766 veteris
3214 3710 3580 3780 cujuscunque
3616 3699 3713 3758 libri

489 3803 810 3867 editionem,
843 3820 967 3873 quae
990 3819 1056 3860 ex
1098 3804 1261 3859 unico
1295 3804 1593 3874 exemplari
1646 3803 1813 3860 fuerit
1852 3813 2033 3872 eruta,
2081 3806 2369 3876 hucusque
2417 3805 2692 3876 prodiisse
2727 3804 2879 3876 omni
2925 3819 2994 3861 ex
3036 3814 3192 3875 parte
3227 3804 3540 3876 perfectam.
3585 3797 3712 3855 lfanu

450 3964 455 3971 ι
490 3898 697 3952 exarati
726 3895 953 3979 Qodices
981 3905 1201 3952 mutuas
1231 3896 1465 3961 aliorum
1494 3904 1798 3967 exposcunt
1826 3910 2047 3968 operas,
2091 3905 2152 3951 ut
2182 3896 2332 3968 quod
2362 3896 2418 3952 in
2449 3912 2561 3952 uno
2584 3905 2909 3967 corruptum
2933 3906 3038 3961 est,
3066 3896 3135 3952 ab
3167 3897 3281 3953 alio
3303 3904 3556 3963 sanetur;
3594 3885 3711 3962 qu0d

2594 4249 3705 4304 ..βω-ἨΑ

459 4282 2591 4318 Μ

1618 4455 2048 4543 INCIPIT
2085 4447 2644 4535 EPISTULA

2488 4702 2513 4728 κ

459 4833 651 4877 ΒΕΑἸΊ
707 4833 967 4881 ,ιοΑΝΝιε
1040 4834 1319 4881 Εριεοοιη
1380 4825 2019 4878 (ΞΟΝΞΤΑΝἸἹΝΟΡΟΙᾸἸἋ

2190 4820 2273 4863 ΑΙ)
2317 4814 2652 4861 (ΞΕΕΔΒΗΙΜ
2722 4808 3083 4855 MONACBUM
3152 4803 3447 4848 TEMPOBE
3487 4787 3708 4844 SECUNN

1942 4920 2175 4966 EXSILII
2217 4919 2338 4962 SL‘I.

1766 5282 2041 5296 -ῌ

2044 5261 2205 5317 «ξω

2214 5282 2499 5295 ﬂ

528 5420 866 5495 [aspeximus
917 5420 1102 5477 literas
1155 5425 1261 5474 tute
1313 5415 1668 5482 reverentiae,
1728 5412 2060 5484 inspeximus
2169 5420 2308 5474 tem,
2334 5419 2388 5466 et
2412 5412 2706 5480 ἀκραιφνῶς,
2740 5403 2790 5459 id
2823 5411 2905 5459 est
2936 5406 3330 5504 consummate,
3353 5394 3485 5504 circa
3510 5385 3712 5504 pie???“

458 5484 636 5571 autem
667 5530 776 5571 non
803 5522 998 5585 praeter
1018 5512 1317 5585 lacrymas;
1348 5508 1617 5581 quomodo
1659 5507 1801 5563 enim
1829 5520 1936 5560 non
1980 5503 2057 5557 la-
2167 5518 2227 5559 sc
2254 5502 2562 5564 habentem,
2585 5497 2760 5552 subito
2790 5494 3161 5549 hmreticorum
3184 5488 3411 5561 jaetibus
3439 5484 3648 5552 lapsum1

457 5609 840 5679 crymabimur,
880 5617 935 5665 et
975 5606 1209 5663 animam
1261 5603 1430 5675 ipsam
1476 5602 1663 5658 dolore
1708 5599 2056 5663 conficimus,
2165 5625 2913 5688 tilmﬁmperimsmmmes‘
2935 5617 3237 5688 ᾴηᾳυιᾳνεηι
3263 5611 3446 5688 vuum...

460 5654 703 5758 videntes
722 5654 941 5758 fratrem
968 5654 1310 5771 singularemr
1318 5695 1486 5751 vitam
1508 5695 1525 5727 ¹
1552 5708 1585 5749 a
1606 5691 1836 5765 pueritia
1859 5688 2058 5760 eligen-
2166 5654 3707 5771 :jglzzattpji‘ﬁfﬁaﬂﬁ

2162 5730 2873 5805 iiﬁ'iisiorﬁii‘hiishbiuﬁi
2893 5730 2971 5794 ad
2991 5740 3240 5805 Monachos
3254 5730 3282 5803 ,I
3300 5730 3377 5792 ἶνις
3413 5742 3469 5781 τὶν
3507 5730 3620 5787 Mn

525 5829 612 5881 ειη
647 5830 814 5883 Graeco
832 5841 938 5886 erat
970 5832 1100 5886 haud
1134 5832 1303 5897 dubie,
1343 5841 1405 5885 ’ὃν
1444 5841 1577 5894 Mn
1617 5828 2058 5892 semmonasttcam

1570 5855 1577 5892 ι
1617 5841 1694 5892 βίον
1713 5867 1724 5888 ,
1745 5828 2058 5877 nwnastrcam
2164 5802 2336 5877 ἦνέκ,
2360 5810 2673 5865 mmsticam
2694 5807 2841 5861 vitam
2864 5802 3130 5872 agentibus.
