3950 6374
227 430 342 488 ῗ55
1376 426 1470 483 ΔΙ)
1508 428 1785 485 CAESARI

1925 424 2254 485 SIONACHU
2263 429 2330 485 Μ.
3378 437 3480 496 756

227 534 291 588 in
332 540 705 587 unovetustas
728 531 1118 596 obliteraverit,
1152 532 1221 587 ab
1258 533 1367 588 alio
1414 542 1588 589 lucem
1623 534 1875 603 arcipiat.
1926 533 2042 591 Hoc
2086 550 2274 591 verum
2315 513 2438 593 esse
2491 535 2560 593 de
2596 538 2797 596 Codice
2840 540 3004 612 hujus
3050 542 3291 615 epistolae
3333 540 3490 600 fateri

227 640 426 699 cogor;
461 629 553 700 qui
587 626 711 681 licet
732 636 804 682 stt
828 640 1096 682 aniiorum
1132 626 1256 694 500,
1289 645 1479 697 parum
1518 639 1697 683 tamen
1736 631 2021 686 emendate
2050 631 2288 701 scriptus
2320 642 2428 694 est.
2460 642 2517 691 et
2557 649 2715 703 opem
2765 652 2796 691 a
2843 636 3033 695 Graeco
3083 640 3355 711 przecipue
3389 639 3492 695 Co-

229 723 375 786 dice,
410 730 507 779 aut
528 725 598 781 ab
632 725 739 780 alio
770 727 960 780 saltem
993 723 1204 791 Latino,
1233 726 1495 795 postulat.
1528 726 1588 780 In
1635 739 1704 780 eo
1750 739 1912 795 quem
1959 724 2091 791 vidi,
2139 725 2432 794 aliquando
2482 739 2643 780 voces
2686 728 2958 782 continuze
2996 739 3144 790 sunt,
3186 729 3482 799 aliquando

230 817 465 888 simplex
495 819 696 874 vocalis
735 818 775 871 E
807 835 904 888 pro
937 820 1273 890 diphthongo
1300 818 1368 874 ΑΞ
1403 819 1606 887 scripta
1640 817 1780 885 fuit;
1809 815 1851 869 T
1880 831 1982 886 pro
2014 815 2077 881 D,
2113 823 2170 871 et
2204 818 2324 871 vice
2347 831 2502 871 versa
2532 815 2575 869 D
2619 832 2719 887 pro
2745 817 2826 885 T;
2863 819 3045 875 verbis
3073 821 3364 890 aliquando
3406 822 3479 878 ita

230 914 533 982 corruptis,
567 923 628 969 ut
663 915 731 968 ad
764 914 1049 969 sanitatem
1088 915 1272 969 reduci
1307 914 1530 967 minime
1562 912 1776 981 possint
1806 911 2015 981 absque
2044 910 2292 967 subsidio
2316 906 2548 966 alierum
2576 912 2861 967 Codicum.
2898 912 3030 979 Quae
3056 916 3360 970 scribarum
3392 915 3483 970 in-

227 1006 389 1060 curia
420 1006 702 1065 deterruit.
735 1006 949 1075 opinor,
978 1006 1190 1061 Petrum
1224 1006 1510 1075 Martyrem
1539 1006 1608 1059 ab
1634 1020 1698 1059 ea
1749 1004 1977 1058 edenda.
2011 1003 2191 1059 Taceo
2224 1005 2744 1074 interpretationem,
2795 1022 2917 1074 qua:
2970 1008 3154 1063 minus
3205 1017 3481 1076 accurata,

229 1100 348 1154 imo
377 1101 536 1169 plane
559 1100 788 1155 barbara
821 1101 1052 1155 videtur.
1084 1100 1194 1166 ligo
1219 1100 1304 1153 his
1331 1101 1586 1153 omnibus
1618 1098 1785 1152 ureris
1822 1098 2053 1153 lectores
2076 1098 2367 1153 benevolos
2401 1113 2744 1170 nequaquam
2777 1100 3041 1156 oﬂ‘ensum
3081 1102 3145 1156 iri
3188 1103 3482 1159 arbitratus

229 1207 394 1259 sum;
428 1194 537 1247 imo
564 1209 683 1247 eam
709 1194 939 1247 libenter
975 1206 1298 1262 excepturos
1344 1201 1474 1260 puto
1507 1208 1670 1259 quam
1721 1191 1918 1244 damus
1970 1190 2278 1258 epistolam,
2325 1190 2517 1246 Latine
2566 1208 2787 1262 quoque
2844 1193 3006 1248 modo
3036 1210 3269 1259 versam,
3325 1197 3483 1265 cujus

225 1284 599 1356 fragmentum
632 1301 661 1340 a
692 1283 852 1340 Petro
875 1284 1110 1356 Martyre
1133 1287 1359 1346 editum,
1387 1285 1725 1339 eruditorum
1760 1282 1973 1339 animos
2000 1283 2208 1353 pridem
2238 1282 2566 1339 sollicitavit.
2603 1283 2737 1351 Quis
2764 1286 2908 1339 enim
2939 1286 3072 1341 illud
3115 1303 3238 1342 cum
3268 1288 3479 1359 legerit,

223 1376 462 1433 Joannis
492 1377 864 1450 Chrysostomi
891 1395 1122 1432 Illelllem
1153 1380 1428 1447 percipere
1468 1387 1649 1448 queat,
1683 1394 1749 1433 ex
1782 1392 1959 1447 eoque
2012 1378 2465 1441 animadvertere,
2500 1394 2608 1448 qua
2653 1380 2962 1446 occasione,
3005 1397 3115 1451 quo
3149 1383 3333 1437 animo
3365 1385 3483 1454 ejus

220 1472 400 1527 verba
425 1471 626 1539 scripta
657 1472 827 1526 sunt?
858 1470 914 1524 In
942 1486 1008 1527 ea
1036 1487 1199 1540 porro
1235 1471 1460 1539 epistola
1493 1472 1677 1524 mirari
1726 1470 1849 1537 licet
1883 1484 2155 1524 summam
2202 1477 2255 1524 et
2283 1470 2561 1525 insolitam
2603 1469 2700 1526 Dei
2741 1473 3102 1528 amantissimi
3147 1475 3248 1529 viri
3289 1476 3485 1530 carita-

228 1578 369 1631 tem,
399 1566 494 1636 qui
527 1565 652 1620 lieet
683 1566 982 1620 innumeris
1005 1566 1261 1619 aerumnis
1294 1580 1589 1634 oppressus
1622 1572 1790 1629 esset,
1824 1572 1988 1633 atque
2022 1564 2300 1619 continuis
2334 1564 2637 1622 terroribus
2664 1568 2735 1621 ob
2767 1566 3077 1621 Isaurorum
3118 1568 3481 1634 incursiones,

227 1674 299 1720 ut
325 1664 443 1731 ipse
466 1663 655 1718 scribit
681 1662 733 1715 in
766 1661 1011 1731 epistolis
1035 1661 1100 1713 ad
1127 1659 1278 1731 [7.in
1307 1659 1699 1730 Olympiadem,
1726 1670 1871 1729 'pene
1896 1660 2327 1724 exanimari-tur,
2366 1659 2721 1715 nihilominus
2752 1676 2877 1715 cum
2905 1661 3146 1716 audisset
3180 1658 3482 1719 Caesarium

226 1755 566 1811 monachum
596 1754 831 1809 amicum
868 1769 1027 1808 suum
1064 1755 1114 1804 in
1154 1753 1487 1821 Apollinaris
1518 1759 1572 1806 et
1596 1749 2001 1804 Συνουσιαστῶν
2030 1750 2282 1804 haeresim
2309 1750 2586 1815 incidisse,
2623 1767 2748 1806 cum
2781 1767 2883 1821 pro
2912 1752 3215 1809 incredibili
3261 1771 3358 1809 sua
3390 1759 3481 1811 bo-

226 1853 404 1906 nitate
436 1850 505 1903 ab
533 1848 724 1903 haeresi
751 1857 996 1902 avertere
1025 1858 1188 1917 atque
1220 1848 1271 1900 in
1308 1847 1534 1901 sincerae
1560 1845 1777 1914 pietatis
1812 1842 1957 1898 viam
1991 1858 2247 1898 revocare
2276 1844 2378 1897 hac
2401 1844 2630 1914 epistola
2665 1845 2885 1901 molitus
2915 1855 3020 1901 est.
3050 1846 3323 1913 Quantum
3356 1865 3486 1904 vero

224 1942 565 2014 Apollinaris
596 1942 819 1997 haeresis
848 1952 961 1996 tum
988 1952 1349 2011 grassaretur,
1380 1948 1434 1995 et.
1457 1956 1622 2010 quam
1651 1940 1852 1994 multos
1882 1939 2193 2003 invasisset,
2223 1954 2287 1993 ex
2319 1954 2385 1994 eo
2422 1940 2679 2010 colligere
2705 1940 2848 2004 licet,
2880 1941 3024 2010 quod
3059 1951 3244 1997 contra
3275 1943 3486 2013 Apolli-

227 2040 472 2094 naristas
496 2046 552 2092 et
591 2036 941 2107 Synusiastas
979 2037 1319 2104 scripserunt
1373 2034 1643 2089 Diodorus
1688 2032 1977 2089 Tarsensis
2026 2033 2337 2103 episcopus,
2369 2047 2554 2102 .quem
2598 2048 2765 2103 supra
2814 2034 3128 2096 memoravi,
3183 2033 3481 2103 Gregorius

224 2128 533 2201 Nyssenus,
564 2127 802 2200 Cyrillus
851 2128 1273 2192 Alexandrinus,
1308 2126 1629 2183 Theodorus
1676 2126 2113 2195 Mopsuestenus,
2160 2124 2492 2194 TheOpbilus
2538 2125 2957 2193 Antiochensis,
3004 2135 3065 2182 ut
3112 2127 3250 2183 alios
3298 2128 3481 2197 plures

224 2225 503 2278 omittam.
536 2221 712 2292 Atque
746 2231 807 2275 ut
838 2222 908 2276 ab
936 2237 1001 2276 eo
1029 2238 1215 2277 errore
1238 2221 1533 2277 Caesarium
1562 2226 1838 2274 revocaret
1878 2216 2137 2284 Joannes,
2173 2231 2407 2287 eumque
2444 2217 2511 2272 ad
2546 2218 2868 2273 catholicam
2901 2217 3082 2284 tidem,
3113 2233 3235 2287 quae
3265 2219 3400 2273 duas
3432 2219 3486 2273 in

224 2317 456 2371 Christo
483 2325 707 2370 naturas
746 2313 1065 2370 inconfusas
1087 2314 1192 2369 sub
1225 2328 1328 2367 una
1356 2327 1587 2382 persona
1619 2297 1931 2375 conliietur,
1980 2310 2209 2380 epistola
2250 2309 2561 2375 reduceret,
2615 2309 3074 2379 comparationem
3114 2310 3183 2364 ab
3224 2309 3488 2363 Euchari-

223 2411 357 2467 stia:
378 2419 724 2465 sacramento
760 2417 1059 2473 mutuatur,
1088 2409 1142 2462 in
1174 2423 1284 2477 quo
1319 2407 1478 2477 panis
1504 2414 1631 2476 post
1661 2406 2159 2470 consecrationem,
2187 2420 2295 2460 non
2320 2405 2434 2476 jam
2464 2406 2642 2475 panis,
2674 2408 2766 2460 sed
2815 2420 3016 2476 corpus
3056 2406 3260 2462 Christi
3304 2406 3487 2477 appel-

224 2503 334 2562 lari
357 2504 554 2573 dignus
582 2502 849 2569 edicitur;
881 2502 1108 2557 Etiamsi
1138 2511 1331 2556 natura
1356 2503 1534 2572 panis,
1571 2502 1766 2571 inquit,
1800 2502 1858 2555 in
1885 2503 2000 2570 ipso
2030 2503 2344 2569 permansit,
2373 2510 2423 2555 et
2454 2518 2557 2555 non
2584 2502 2689 2555 duo
2719 2518 2961 2571 corpora,
2992 2503 3082 2556 sed
3112 2519 3275 2556 unum
3305 2518 3492 2572 corpus

225 2587 368 2649 Filii
396 2595 739 2664 praedicatur.
770 2593 980 2661 Quibus
1005 2594 1184 2649 verbis
1211 2602 1435 2649 sanctus
1466 2593 1657 2649 doctor
1682 2609 1865 2648 veram
1898 2608 1963 2648 ac
1992 2594 2217 2661 realem,
2248 2602 2310 2648 ut
2344 2602 2563 2659 vocant,
2595 2596 2843 2665 corporis
2881 2595 3083 2651 Christi
3130 2597 3184 2651 in
3230 2596 3494 2653 Euchari-

223 2690 339 2745 stia
370 2690 714 2762 praesentiam
743 2690 1020 2759 supponit,
1048 2700 1100 2744 et
1127 2688 1411 2760 agnoscit;
1452 2689 1589 2743 alias
1611 2698 1758 2744 certe
1784 2689 1929 2743 nulla
1966 2699 2111 2744 esset
2150 2705 2274 2744 cum
2325 2691 2562 2745 humana
2614 2706 2679 2745 ac
2716 2691 2898 2746 divina
2941 2693 2997 2747 in
3036 2692 3254 2749 Christo
3298 2701 3492 2750 natura

225 2785 602 2841 Eucharistire
625 2785 982 2856 comparatio.
1004 2783 1124 2854 Ipse
1153 2784 1577 2856 Chrysostomus
1605 2781 1764 2836 llom.

1936 2784 2122 2853 pepul.
2160 2784 2622 2841 Antiochensem:
2661 2785 2720 2838 '0
2751 2786 2850 2857 μὲν
2871 2787 2980 2858 γὰρ
3022 2786 3206 2851 Ἠλίας
3236 2788 3492 2860 μηλωτὴν

223 2878 418 2948 ἀφῆκε
445 2877 523 2949 τῷ
555 2878 790 2949 μαθητῇ,
820 2879 849 2930 6
876 2876 934 2930 δὲ
962 2875 1091 2939 Υἱὸς
1116 2874 1209 2928 τοῦ
1238 2875 1371 2929 Θεοῦ
1403 2875 1730 2941 ἀναϐαίνων,
1761 2876 1861 2945 τὴν
1890 2875 2070 2946 σάρκα
2099 2877 2230 2946 ἡμῖν
2270 2875 2536 2929 κατέλιπε
2573 2876 2671 2947 τὴν
2719 2876 2933 2930 ὲαυτοῢ’
2979 2877 3093 2932 ἀλλ’
3120 2880 3149 2932 6
3179 2880 3278 2949 μὲν
3307 2881 3496 2944 Ἠλίας

223 2970 666 3041 ἀποδυσάμενος,
697 2973 726 3025 6
754 2971 813 3024 δὲ
843 2969 1076 3041 Χριστὸς
1105 2970 1203 3023 καὶ
1231 2970 1365 3040 ἡμῖν
1393 2970 1671 3034 κατέλιπε,
1702 2971 1783 3023 καῖ

1937 2987 1964 3021 ν
1998 2970 2169 3040 αὐτὴν
2193 2970 2393 3039 ἀνῆλθε
2418 2989 2431 3024 :
2467 2969 2653 3024 Helias
2681 2972 2821 3025 enim
2848 2972 3072 3041 pallium
3101 2974 3313 3044 reliquit
3340 2974 3497 3027 disci-

223 3060 361 3130 pulo
391 3079 507 3129 suo,
540 3062 638 3116 Dei
668 3072 842 3117 autem
876 3064 1052 3118 Filius
1081 3062 1364 3116 ascendens
1395 3061 1449 3114 in
1479 3061 1669 3115 crrlum
1698 3061 1843 3115 nobis
1874 3077 2083 3115 carnem
2113 3077 2265 3115 suam
2303 3060 2516 3132 reliquit
2545 3076 2567 3117 :
2608 3063 2701 3118 sed
2741 3063 2927 3118 Helias
2956 3081 3010 3119 se
3037 3065 3220 3131 exuit;
3252 3067 3496 3122 Christus

225 3170 359 3208 vero
385 3166 433 3208 et
466 3170 678 3209 carnem
709 3172 859 3209 suam
893 3156 1040 3209 nobis
1071 3154 1302 3223 reliquit,
1333 3154 1605 3223 ipsumque
1633 3152 1829 3209 habens
1858 3154 2114 3209 ascendit.
2147 3151 2214 3207 Et
2247 3152 2407 3211 Hom.
2439 3155 2509 3210 85
2547 3155 2601 3211 in
2636 3156 2945 3211 Mattbazum
2977 3175 2992 3212 :
3050 3157 3207 3212 Οὕτω
3259 3160 3355 3214 καὶ
3406 3161 3500 3213 ἐπὶ

225 3244 348 3296 τῶν
384 3244 695 3314 μυστηρίων
724 3244 989 3316 ποιῶμεν,
1008 3246 1067 3299 οὐ
1098 3249 1208 3308 τοῖς
1237 3245 1509 3314 κειμένοις
1540 3244 1699 3316 μόνον
1728 3246 2110 3317 ὲμὸλέποντες,
2130 3247 2263 3302 ἀλλὰ
2278 3248 2347 3301 τὰ
2376 3250 2598 3320 ῥήματα
2624 3248 2791 3303 αὑτοῦ
2820 3249 3159 3322 κατέχωμεν.
3188 3251 3247 3306 Ὀ
3265 3253 3363 3323 μὲν
3391 3254 3500 3325 γὰρ

227 3336 401 3405 λόγος
427 3336 592 3389 αὑτοῦ
623 3337 1080 3408 ἀπαραλόγιστος,
1109 3340 1143 3409 ἡ
1175 3336 1232 3390 δὲ
1262 3336 1516 3408 αἴσθησις
1546 3338 1706 3408 ἡμῶν
1736 3337 2157 3409 εὐεξαπάτητος.
2189 3334 2357 3405 Οὗτος
2384 3342 2639 3396 οὐδέποτε
2666 3341 2901 3403 διέπεσε,
2935 3343 3071 3417 αὕτη
3101 3346 3160 3399 δε
3186 3344 3256 3399 τὰ
3282 3345 3502 3400 πλείονα

231 3429 559 3500 σφάλλεται.
601 3428 755 3483 Ἐπεὶ
782 3424 876 3483 οὖν
905 3432 933 3484 6
962 3430 1133 3500 Λόγος
1157 3429 1312 3501 φησὶ,
1347 3429 1519 3483 Τοῦτό
1551 3431 1669 3484 ἐστι
1696 3430 1759 3484 τδ
1786 3429 1949 3500 σῶμά
1978 3449 2106 3499 μου,
2136 3432 2233 3485 καὶ⁵
2262 3433 2600 3504 πειθώμεθα,
2630 3436 2726 3489 καὶ
2774 3436 3140 3509 πιστεύωμεν,
3171 3438 3264 3491 καὶ
3291 3442 3503 3508 νοητοῖς

231 3523 375 3579 αὐτὸ
400 3522 685 3593 βλέπωμεν
713 3523 1019 3595 ὀφθαλμοῖς
1045 3543 1060 3580 :
1090 3524 1183 3580 Sic
1210 3526 1374 3579 etiam
1405 3525 1462 3578 in
1490 3527 1754 3596 mysteriis
1785 3544 1791 3595 Α

1944 3543 2071 3591 mus,
2103 3542 2205 3581 non
2234 3526 2332 3582 illa
2360 3545 2477 3597 qua:
2518 3538 2640 3584 ante
2681 3547 2776 3585 nos
2795 3533 2977 3601 jaceat
3006 3533 3332 3589 solummodo
3360 3536 3504 3605 aspi-

231 3617 459 3681 cientes,
491 3616 581 3669 sed
618 3616 775 3670 verba
815 3633 1014 3687 quoque
1051 3618 1167 3680 eius
1208 3626 1455 3671 tenentes.
1499 3615 1644 3669 Nam
1683 3627 1732 3671 et
1774 3618 1942 3671 verbis
1975 3619 2089 3687 ejus
2128 3617 2442 3686 defraudari
2474 3636 2576 3674 non
2611 3636 2912 3689 possumus,
2953 3640 3137 3678 sensus
3174 3642 3296 3681 vero
3324 3636 3506 3681 noster

232 3706 461 3773 decepta
493 3705 783 3772 facillimus
817 3715 894 3761 est
925 3724 943 3761 :
974 3707 1072 3760 illa
1100 3708 1240 3776 falsa
1268 3722 1380 3761 esse
1408 3722 1513 3760 non
1540 3716 1778 3776 possunt,
1808 3707 1892 3761 hic
1915 3708 2109 3777 saepius
2132 3717 2288 3778 atque
2318 3711 2508 3779 smpius
2530 3710 2759 3781 fallitur.
2786 3712 3048 3778 Quoniam
3078 3732 3200 3785 ergo
3221 3716 3315 3771 ille
3340 3718 3500 3775 dixit.

233 3800 364 3856 Hoc
395 3809 482 3855 est
512 3816 713 3871 corpus
746 3818 950 3869 meum,
979 3803 1284 3857 obediamus
1312 3811 1361 3857 et
1390 3803 1690 3870 credamus,
1721 3812 1771 3857 et
1799 3804 1966 3856 oculis
1996 3802 2293 3857 intellectus
2323 3805 2378 3857 id
2407 3805 2808 3874 perspiciamus.
2836 3807 3109 3879 lntegrum
3143 3810 3343 3865 librum
3371 3826 3504 3867 con-

233 3898 489 3963 ﬁcerem,
521 3899 567 3954 si
601 3914 666 3953 ex
702 3899 1097 3970 Chrysostomo
1132 3900 1284 3955 locos
1313 3913 1503 3953 omnes
1527 3914 1897 3968 excerperem,
1926 3899 2204 3970 inquibus
2230 3899 2299 3956 de
2326 3902 2699 3957 sacratissima
2738 3900 3080 3960 Eucharistia
3125 3905 3376 3962 similiter
3416 3906 3502 3961 lo-

233 3991 470 4063 quitur;
504 3991 597 4047 sed
622 3991 798 4048 laetius
829 4006 894 4047 ac
918 3991 1195 4047 salubrius
1235 3991 1332 4046 tibi
1359 3991 1466 4046 erit
1492 4004 1587 4047 eos
1616 3991 1670 4046 in
1708 3990 1858 4046 fonte
1888 3991 2107 4064 legisse.

245 4338 3148 4372 ’πῇ-Μ

3148 4346 3470 4380 ==II===£

222 4512 516 4589 [πθ-τη]
565 4522 1123 4612 ιΙΩΑΝΝΟΥ
1172 4519 2104 4609 ΑΡΧΙΕΠΙΣΚΟΠΟΥ
2138 4475 3469 4611 ΚΩΝΣΤΑΝΤΙΝΟΥΪῚΟΛΕΩΣ

660 4877 729 4934 ἐκ
780 4876 889 4947 τῆς
932 4878 1083 4948 πρὸς
1133 4877 1461 4950 Καισάρων
1525 4877 1802 4948 μοναχὸν
1853 4875 2184 4947 ἐπιστολῆς
2231 4877 2382 4949 μετά
2417 4878 2531 4948 τὴν
2585 4877 2871 4950 δευτέραν
2910 4877 3098 4936 αὐτοῦ

847 4976 851 4981 ’
1094 5040 1097 5044 Α
1771 4974 2029 5044 ἐξορίαν.

1554 5305 1838 5377 (GRAECA
1880 5268 2201 5378 essum

254 5814 259 5819 ε
317 5842 344 5875 ⁸
366 5841 586 5899 Titulus
608 5840 776 5889 Crmcc
804 5854 865 5889 ex
907 5853 981 5887 ms
1039 5839 1353 5894 bibliotheca
1386 5841 1604 5895 Colbert.
1631 5856 1691 5895 es
1726 5849 1846 5897 tra-

252 5892 395 5955 clalu‘
411 5892 681 5967 Nit‘rpiturl
703 5910 868 5953 uititra
888 5901 1150 5952 Mamnuas.
