3950 6370
170 446 285 505 ⁸757

246 563 314 618 Et
340 560 489 616 dicas
528 559 754 615 fortasse
782 558 849 613 ab
876 572 1057 613 errore
1099 556 1163 611 ad
1205 556 1256 610 id
1283 556 1422 625 quod
1452 556 1640 611 melius
1679 564 1763 611 cst

173 655 387 709 venisse
412 660 466 706 te
490 694 505 717 ,
539 661 594 706 et
617 650 837 720 gratiam
878 648 1120 703 conﬁteri
1150 649 1234 701 his
1262 648 1349 716 qui
1394 634 1763 702 admirabilem

171 743 492 817 protulerint
533 743 750 810 librum,
792 756 951 811 quem
984 755 1231 810 magnum
1281 754 1404 793 esse
1427 738 1625 806 Optima
1672 745 1764 791 tua

168 836 452 892 nominant
518 835 770 903 scripta:
840 833 928 902 qui
982 831 1259 901 splendide
1326 831 1577 900 praedicat
1638 846 1765 884 con-

171 942 392 982 cursum
419 926 759 981 essentialem
787 933 842 979 et
880 924 1191 978 mlxtionem
1228 938 1433 977 sacram
1480 922 1672 975 factam
1699 936 1764 975 ex

167 1018 452 1073 divinitate
475 1027 529 1072 et
556 1032 736 1071 carne.
762 1016 935 1071 Unam
965 1025 1141 1070 autem
1173 1031 1239 1069 ex
1265 1014 1365 1068 hoc
1394 1013 1577 1082 perﬁci
1606 1022 1763 1066 natu-

167 1122 289 1163 ram
315 1107 457 1163 istud
480 1107 759 1161 mirabitur
789 1107 807 1138 ί
840 1106 1138 1177 insipientis
1168 1104 1480 1174 Apollinarii
1521 1103 1760 1158 inconsi-

170 1201 430 1257 deratio:
470 1201 571 1256 ista
618 1214 802 1255 eorum
856 1200 945 1269 qui
1001 1198 1344 1252 introducunt
1397 1206 1768 1265 contempera-

167 1294 374 1348 tionem
398 1299 455 1347 et
478 1300 781 1364 συναὶριφήν,
812 1291 862 1346 id
883 1301 965 1346 est
990 1291 1423 1345 commixtionem
1454 1289 1763 1359 impiissima

170 1384 401 1439 intentio
450 1384 508 1450 ³,
563 1398 682 1452 qua:
726 1382 1027 1473 procedens.
1066 1381 1309 1435 immutat
1356 1380 1571 1451 quidem
1614 1379 1759 1443 Arii,

167 1474 513 1545 Apollinarii,
559 1474 800 1541 Sabellii,
848 1484 903 1529 et
957 1474 1180 1528 Manetis
1226 1474 1404 1528 nihil:
1461 1474 1762 1542 passionem

171 1576 355 1621 autem
387 1565 677 1635 excogitari
707 1576 760 1619 et
788 1564 982 1634 adponi
1014 1564 1308 1619 secundum
1351 1563 1472 1617 illos
1498 1562 1762 1632 Unigeniti

166 1654 492 1727 imaginatur
513 1655 719 1721 deitati,
746 1654 886 1725 quod
909 1669 939 1707 a
968 1652 1284 1709 Christianis
1315 1654 1546 1707 alienum
1576 1660 1678 1706 est.

244 1766 469 1825 Posside
495 1768 653 1839 igitur
679 1767 1018 1837 temetipsum
1047 1767 1263 1830 iterum,
1296 1765 1643 1819 dilectissime
1667 1805 1681 1829 ,
1714 1770 1769 1816 et

170 1861 238 1918 ad
280 1863 520 1932 priorem
559 1860 845 1931 regredere
881 1860 1142 1925 ordinem,
1176 1859 1244 1913 ab
1273 1855 1633 1921 abominabili,
1668 1856 1767 1909 ista

172 1953 449 2007 abstinens
495 1952 765 2020 opinione,
817 1966 937 2020 quo:
983 1960 1068 2004 est
1111 1949 1431 2018 Apollinaris
1484 1957 1538 2002 et
1581 1961 1766 2001 eorum

169 2043 259 2113 qui
300 2041 633 2112 Synusiastze
680 2040 703 2072 ³
749 2041 1019 2095 dicuntur.
1054 2040 1216 2110 Impia
1262 2038 1511 2109 cogitatio
1552 2038 1769 2092 assidue

170 2134 320 2203 puris
348 2131 579 2187 inﬂuens
616 2147 811 2187 nocere
838 2133 1002 2197 novit,
1044 2133 1133 2202 qui
1183 2132 1475 2187 secundum
1520 2144 1617 2185 nos
1646 2137 1770 2185 sunt

170 2223 498 2292 simplicitati
547 2224 907 2278 conviventes.
968 2224 1213 2278 Doctoris
1261 2224 1401 2277 enim
1449 2236 1631 2275 eorum
1687 2229 1770 2275 est

172 2313 303 2369 liber
327 2355 342 2378 ,
378 2314 688 2383 Apollinarii
715 2333 729 2369 :
761 2315 860 2369 etsi
904 2318 1045 2369 hunc
1073 2313 1173 2368 sibi
1207 2324 1291 2367 tua
1333 2314 1630 2368 reverentia
1661 2327 1765 2366 non

171 2414 315 2459 recte
358 2404 553 2459 faciens
586 2404 852 2475 negotiata
884 2414 986 2460 est.
1015 2403 1396 2459 Verumtamen
1439 2417 1539 2457 nos
1580 2417 1764 2458 recor—

170 2495 362 2551 dantes
397 2504 500 2551 ture
531 2496 807 2551 nobiscum
846 2495 1309 2550 conversationis:
1344 2495 1632 2549 sentientes
1670 2508 1765 2547 au-

171 2597 274 2644 tem
304 2604 376 2643 ex
414 2589 501 2644 his
530 2605 649 2659 qua:
688 2588 997 2659 scripsisti"
1036 2604 1271 2643 errorem
1319 2588 1609 2642 subsistere
1636 2602 1763 2656 erga

171 2687 311 2733 tuam
341 2679 703 2744 dilectionem,
736 2695 808 2735 ex
835 2679 1047 2733 illorum
1077 2678 1412 2748 insipientia;
1442 2692 1548 2731 non
1589 2677 1762 2731 solum

172 2787 290 2843 erga
328 2772 741 2842 dispensationis
771 2772 1121 2843 mysterium:
1160 2772 1327 2842 magis
1353 2780 1529 2825 autem
1558 2779 1613 2825 et
1640 2783 1765 2839 erga

172 2866 450 2919 nominum
503 2864 933 2935 conjunctionem
961 2905 977 2930 ,
1027 2864 1483 2934 excogitavimus,
1538 2862 1766 2916 Domino

173 2964 497 3027 cooperante
541 2964 738 3010 nostra:
792 2955 1109 3020 inﬁrmitati,
1168 2955 1237 3009 de
1292 2954 1540 3009 omnibus
1590 2952 1764 3007 mani-

173 3044 362 3103 festam
424 3048 835 3103 ostentationem
904 3048 927 3079 ⁸
979 3046 1156 3102 facere
1214 3045 1280 3099 ad
1337 3046 1765 3115 redargutionem

173 3141 386 3211 quidem
429 3142 584 3196 malm
630 3141 896 3211 opinionis
937 3155 1122 3195 eorum
1181 3141 1272 3210 qui
1318 3139 1627 3194 haereticum
1671 3138 1768 3193 tibi

175 3234 508 3301 protulerunt
552 3233 786 3299 librum;
813 3232 1198 3288 correctionem
1243 3240 1421 3287 autem
1457 3239 1564 3286 ture
1600 3245 1766 3285 vene-

174 3328 416 3382 rationis.

244 3442 414 3497 Deum
435 3457 563 3511 ergo
601 3440 814 3512 quando
840 3440 1004 3506 dicis,
1028 3438 1390 3505 dilectissime,
1423 3437 1682 3509 agnovisti
1716 3437 1767 3492 id

176 3534 307 3604 quod
341 3533 570 3603 simplex
598 3542 682 3587 est
709 3540 910 3587 natura;
929 3532 971 3593 ⁸,
1000 3531 1141 3602 quod
1167 3529 1602 3599 incompositum,
1623 3528 1765 3597 quod

176 3624 601 3691 inconvertibile,
625 3626 765 3695 quod
793 3624 1079 3690 invisibile,
1111 3623 1249 3693 quod
1278 3623 1597 3689 immortale,
1622 3620 1766 3691 quod

177 3718 730 3788 incircumscriptibile
753 3758 768 3783 ,
800 3717 941 3788 quod
968 3715 1536 3787 incomprehensibile,
1571 3722 1625 3768 et
1652 3714 1766 3768 istis

174 3811 388 3865 similia.
421 3811 700 3865 llominem
730 3820 907 3865 autem
935 3810 1139 3875 dicens,
1163 3808 1468 3878 signiﬁcasti
1499 3807 1638 3878 quod
1668 3821 1765 3860 na-

177 3911 301 3958 tura:
333 3911 419 3957 est
462 3902 754 3979 inﬁrmum,
783 3902 1129 3957 esuritionem
1153 3942 1167 3967 ,
1199 3900 1339 3955 sitim
1360 3939 1375 3965 ,
1410 3913 1571 3969 super
1596 3897 1765 3952 Laza-

177 4008 285 4046 rum
328 3993 618 4063 lacrymas,
661 4002 882 4060 metum,
926 3992 1138 4046 sudoris
1187 3991 1525 4060 ejectionem,
1576 3997 1632 4045 et
1682 3988 1767 4043 his

176 4083 387 4147 similia,
417 4082 609 4152 quibus
633 4082 686 4137 id
707 4081 846 4152 quod
876 4081 1116 4136 divinum
1145 4090 1228 4136 est
1248 4089 1396 4135 extra
1424 4088 1526 4134 est.

241 4194 517 4252 Christum
553 4205 733 4251 autem
761 4194 977 4267 quando
1003 4194 1172 4265 dicis,
1200 4195 1521 4264 conjunxisti
1561 4203 1770 4251 utrum-

253 4332 272 4363 ι
302 4330 397 4380 Hie
430 4337 630 4393 stupeas
666 4331 855 4381 veteris
888 4332 1174 4392 lnterpretis
1202 4332 1549 4393 ignorantiam,
1572 4333 1785 4382 oscitan-

185 4392 397 4451 tiamve,
432 4392 550 4454 qui,
589 4404 791 4501 ο-Ἴιάσιι,
826 4405 883 4441 ac
918 4393 957 4440 si
995 4404 1186 4454 θαυμάσια
1208 4392 1497 4454 legeretur,
1522 4393 1779 4444 mirabitur

186 4456 348 4501 vertit.
376 4455 449 4501 sic
465 4461 629 4501 autem
674 4467 793 4501 erras
815 4461 1010 4501 onortet
1037 4468 1048 4501 :
1076 4463 1192 4501 meo
1215 4461 1303 4501 est.
1322 4466 1350 4501 ο
1373 4453 1444 4501 vir
1468 4454 1775 4501 admirande.

186 4456 348 4516 vertit.
376 4455 449 4516 sic
465 4461 629 4516 autem
656 4454 793 4516 legas
815 4461 1010 4516 oportet
1037 4468 1048 4501 :
1076 4463 1192 4504 meo
1215 4461 1303 4511 est,
1322 4466 1350 4503 o
1373 4454 1444 4502 vir
1468 4454 1775 4516 admirande,

186 4513 454 4578 insipientis
476 4513 757 4578 Apoltmarii
777 4514 1054 4565 absurditas
1069 4550 1084 4572 ,
1108 4522 1163 4578 ut
1194 4517 1470 4565 observavit
1502 4531 1549 4566 v.
1573 4516 1635 4567 cl.
1661 4513 1779 4567 Har;

186 4576 386 4647 duinus,
409 4576 609 4647 quia“.
629 4578 703 4647 hic
738 4579 785 4647 iu
808 4578 979 4647 codice
1014 4591 1103 4626 suo
1140 4576 1241 4647 legi
1264 4579 1498 4647 Ᾱπολιῃρίου
1514 4590 1777 4647 eadem,

190 4637 470 4703 {pollinqu
491 4637 727 4703 impietas.
753 4638 1115 4703 Sedlnterpres
1136 4637 1326 4687 Latinus
1348 4637 1436 4700 qui
1455 4641 1617 4703 vertit,
1631 4637 1779 4703 Apol?

187 4698 350 4750 linarii
372 4698 760 4765 inconsiderato,
788 4700 980 4749 videtur
1002 4698 1189 4764 legisse
1211 4698 1394 4765 ἀτάκημᾴ.
1422 4707 1521 4750 Mox
1547 4701 1629 4750 ubi
1653 4698 1780 4765 legi-

188 4767 262 4827 tur
282 4761 781 4827 __contemperationem
798 4796 812 4820 ,
846 4770 1011 4811 Grzece
1027 4794 1043 4823 ,
1063 4761 1213 4825 ἐρίων,
1235 4762 1505 4825 Stephanus
1525 4768 1589 4813 Le
1610 4761 1778 4827 Moyhe

189 4821 358 4883 edidit,
383 4821 843 4885 contemplationem.

246 4887 268 4917 ⁸
293 4888 350 4936 ln
374 4889 559 4949 Graeco,
582 4892 612 4946 ἡ
637 4887 995 4946 δυσσεϐεστάτη
1014 4888 1210 4951 αἵρεσις,
1236 4885 1529 4952 ξηιρὶτεεῐηιᾳ
1545 4885 1765 4940 limi-esis.

188 4944 445 5012 Interpres
465 4944 708 5012 imperite
738 4963 825 5011 pro
858 4944 997 5012 more
1022 4944 1279 5011 sequentia
1301 4944 1565 5000 convertit.

247 5009 613 5076 ³8ῂῃμεὶαειὶε,
653 5009 1012 5076 Συνὸυσιαστᾳί,
1054 5009 1349 5076 vocabantur
1386 5009 1767 5076 Apollinaristm.

190 5072 352 5137 Greg:
368 5074 479 5122 Naz.
507 5076 642 5123 Orat.
669 5075 749 5137 iii.
790 5086 840 5133 p.
881 5074 973 5121 722
998 5088 1017 5137 :7
1040 5073 1405 5124 Διαϐεϐαιοῦται
1430 5072 1544 5137 ξπρὶγ
1564 5072 1652 5137 τοῦ
1677 5090 1769 5137 κα-

186 5136 360 5183 τελθεῖν
385 5137 527 5184 αὐτὸν
563 5137 665 5184 υἱὸν
692 5136 939 5196 ἀνῡρώπου
981 5136 1117 5193 εἶναι,
1147 5138 1229 5183 καὶ
1253 5134 1494 5183 κατελοὲῖύ
1534 5136 1658 5183 ἰδίαν
1686 5136 1772 5183 ἐπ-

188 5200 415 5257 αγόμενον
431 5199 595 5261 σάρκα
619 5197 819 5261 ἐκείνην,
854 5199 912 5254 ἢν
944 5196 992 5243 ἐν
1013 5198 1110 5252 τοῖς
1134 5198 1347 5261 οὐρανοῖς
1374 5198 1497 5259 ἔχων
1525 5196 1767 5261 ἐξύγχαγε,

187 5256 468 5320 πρσαιώνιὸν
505 5256 616 5308 ῖτινα
646 5259 728 5308 καὶ
765 5256 1309 5322 συνουσιῳμένηνςηοᾳ
1333 5256 1446 5322 esti:
1472 5256 1768 5322 _Aﬂiriitttltat

188 5318 297 5367 eum
322 5326 583 5385 antequam
608 5321 949 5385 descendisset,
979 5319 1137 5385 [ilium
1165 5318 1577 5385 liominisfuiss'é,
1613 5326 1657 5369 et
1681 5319 1769 5385 de-

187 5380 429 5449 scendisse
448 5379 644 5449 contem
680 5381 960 5449 propriam_
973 5379 1329 5449 ῥιιιέιιεεῃηειζιΔ
1348 5379 1511 5449 ἤιζζιγζιζ
1540 5393 1687 5449 quam
1702 5379 1769 5449 in

188 5441 320 5491 cistis
343 5443 541 5493 habebat
562 5441 893 5501 linteatae-ultr,
926 5446 960 5493 S
971 5447 1009 5495 U
1019 5445 1078 5491 1E
1110 5448 1144 5493 S
1157 5446 1199 5494 U
1206 5445 1281 5492 BS
1293 5444 1426 5492 ΤΔΝ
1439 5443 1511 5491 TI
1518 5441 1576 5492 1E
1608 5444 1773 5493 COM-

190 5503 482 5572 ρξιχΤΑῃ.
518 5507 593 5557 De
626 5507 718 5572 hac
742 5520 876 5572 _vo_ce
911 5504 1091 5572 joinin
1121 5503 1303 5572 ltlonito
1329 5513 1491 5572 actum
1517 5512 1612 5555 est.
1640 5504 1763 5572 ibid.

191 5562 302 5613 Mss.
331 5567 545 5633 assidua:
573 5568 712 5633 puris
735 5562 959 5633 inﬂuens.
985 5566 1212 5633 Bigotius
1240 5567 1311 5616 sic
1335 5567 1528 5633 posuit,
1564 5565 1766 5633 assidua

189 5626 374 5697 g‘puris
408 5626 638 5697 inﬂuens.
659 5626 1194 5697 Harduinus.__assidue
1232 5626 1627 5697 pariant/luens.
1653 5628 1767 5697 ilex

195 5684 417 5760 Bigotius
435 5684 809 5760 ét__liarduinus,
835 5690 1109 5754 Apollinari
1128 5684 1258 5760 dico',
1275 5691 1361 5760 sed
1384 5684 1488 5741 haec
1502 5706 1613 5754 vox,
1637 5689 1765 5751 dico,

194 5759 285 5814 non
303 5759 384 5814 est
409 5756 455 5800 in
479 5752 592 5812 Ms,
608 5767 709 5814 nec
734 5752 937 5814 prorsus
962 5752 1250 5805 necessaria
1274 5752 1484 5807 videtur.

256 5810 277 5885 ξ
302 5811 352 5885 in
379 5814 485 5885 his,
516 5810 804 5885 srripsist'is.

257 5872 276 5903 ³
307 5873 446 5923 Forte
467 5872 801 5928 ostt'ns'ioncm.

258 5932 277 5964 ‘
300 5934 584 5997 Legendqu
617 5938 833 6001 videtur,
858 5946 1050 5991 natura.

1280 444 1372 498 AD
1411 441 1777 498 CASSARIUM
1813 439 2219 498 MONACHUM.

3358 434 3459 490 738

1870 571 2010 625 que:
2041 555 2184 609 unde
2210 561 2266 609 et
2301 553 2560 623 passibilis
2582 552 2791 609 dicatur
2821 553 2962 609 idem
2992 553 3110 623 ipse
3135 563 3189 610 et
3215 553 3466 625 impassi-

1870 646 2026 700 bilis:
2069 644 2333 714 passibilis
2379 643 2591 714 quidem
2634 658 2831 710 carne;
2888 644 3230 715 impassibilis
3272 654 3454 701 autem

1871 735 2086 791 deitate.
2115 734 2313 790 Eadem
2336 735 2449 805 ipsa
2477 746 2532 789 et
2551 735 2616 791 de
2632 734 2788 802 Filio,
2816 745 2869 791 et
2890 736 2957 791 de
2976 735 3212 801 Christo,
3239 744 3293 792 et
3306 736 3457 801 Iesu,

1872 839 1926 883 et
1950 829 2174 881 Domino
2200 827 2592 897 praedicantur:
2621 826 2925 882 communia
2953 828 3097 882 enim
3126 835 3182 882 et
3208 830 3468 897 suscepti-

1872 919 1997 973 bilia
2019 918 2241 973 duarum
2268 920 2618 973 essentiarum
2650 920 2864 973 nomina
2891 927 3045 983 sunt,
3078 935 3300 989 quarum
3332 934 3469 974 con-

1866 1009 2073 1079 junctio
2102 1011 2151 1063 in
2184 1010 2446 1065 hrereticis
2465 1010 2677 1079 quidem
2705 1026 2942 1065 errorem
2974 1011 3095 1065 facit
3123 1012 3343 1081 proprio
3369 1025 3470 1080 pro

1872 1101 2143 1154 communi
2173 1110 2381 1155 utentes
2420 1102 2635 1156 nomine
2664 1100 2881 1156 Christi.
2923 1101 3071 1157 Uuos
3100 1111 3277 1157 autem
3314 1117 3465 1157 com-

1874 1193 2123 1246 munibus
2152 1193 2267 1247 istis
2296 1194 2617 1259 nominibus,
2649 1194 2865 1263 quando
2888 1194 3303 1265 dispensationis
3330 1210 3468 1250 con-

1876 1284 2133 1340 ﬁtendum
2166 1294 2248 1340 est
2273 1286 2586 1373 mysterium
2617 1287 2656 1339 ³.
2687 1284 2744 1342 Si
2767 1288 2908 1342 enim
2937 1288 3103 1342 Deum
3129 1286 3327 1341 dixeris
3347 1302 3468 1357 per-

1874 1377 2064 1432 tulisse
2088 1377 2462 1447 qualicumque
2485 1377 2825 1447 cogitatione,
2858 1377 2999 1447 qnod
3030 1377 3358 1447 impossibile
3382 1384 3467 1432 est

1873 1467 2090 1522 dixisti:
2126 1466 2178 1521 id
2215 1468 2357 1537 quod
2389 1467 2755 1537 blasphemum
2780 1476 2862 1522 est
2897 1475 2951 1522 et
2985 1467 3214 1522 immane
3242 1484 3255 1519 :
3285 1466 3381 1522 sed
3408 1466 3464 1519 in

1873 1558 2097 1612 aliorum
2130 1558 2392 1613 haeresum
2419 1558 2697 1613 deelinasti
2730 1558 3056 1627 impietatem
3085 1560 3109 1591 ¹¹
3139 1575 3155 1613 :
3187 1559 3231 1613 si
3272 1558 3468 1613 iterum

1877 1650 2144 1705 hominem
2185 1650 2383 1704 dixeris
2409 1650 2497 1719 qui
2529 1650 2777 1719 pertulit,
2809 1650 3067 1704 inveniris
3097 1664 3287 1719 purum
3329 1648 3466 1703 tedi-

1875 1742 2039 1797 ﬁcans
2074 1743 2330 1812 templum
2352 1783 2366 1806 ,
2393 1744 2650 1813 templum
2678 1743 2855 1797 carnis
2884 1742 2929 1797 ³.
2959 1743 3119 1797 Extra
3166 1742 3470 1797 inhabitan-

1875 1843 1981 1887 tem
2012 1848 2303 1902 numquam
2328 1834 2538 1899 dicitur,
2567 1835 2687 1903 quia
2710 1834 2820 1903 jam
2850 1848 2956 1889 non
2986 1841 3069 1888 est
3095 1833 3372 1903 templum.
3395 1833 3466 1887 Et

1876 1925 2098 1978 forsitan
2125 1924 2343 1991 dicunt,
2378 1924 2448 1978 Et
2472 1924 2738 1994 quomodo
2766 1925 3021 1979 Dominus
3044 1923 3214 1992 dixit,
3250 1922 3318 1979 Ut
3341 1923 3465 1994 quid

1875 2032 1954 2098 n‘te
1990 2016 2143 2070 vultis
2186 2017 2430 2084 occidere,
2475 2017 2727 2071 hominem
2768 2018 2855 2087 qui
2899 2018 3159 2073 veritatem
3201 2018 3339 2071 vobis
3380 2017 3466 2071 ιο-

1874 2121 2060 2179 quutus
2089 2126 2203 2163 sum
2225 2125 2377 2180 quam
2401 2110 2576 2164 audivi
2598 2125 2631 2163 a
2658 2109 2767 2164 Deo
2792 2109 2975 2181 (Joan.
3000 2111 3060 2171 Β.
3084 2110 3179 2181 40)
3199 2111 3222 2164 ?
3243 2102 3387 2166 Bene
3408 2118 3466 2166 et

1875 2203 2093 2256 omnino
2121 2202 2390 2272 sapienter
2417 2202 2520 2257 hoc
2558 2202 2843 2257 dicendum
2871 2212 2982 2258 est:
3011 2217 3184 2272 neque
3212 2203 3353 2259 enim
3395 2218 3467 2258 ex

1876 2292 2193 2357 inhabitanti
2221 2292 2633 2348 defraudabatur
2655 2293 2889 2358 deitate;
2921 2293 3017 2349 sed
3042 2291 3342 2363 signiﬁcare
3370 2308 3467 2349 vo-

1874 2384 1990 2439 lens
2018 2384 2040 2415 "
2070 2386 2358 2454 patientem
2388 2395 2653 2451 naturam,
2686 2385 2920 2440 hominis
2948 2386 3258 2441 memoriam
3290 2385 3416 2441 fecit
3449 2406 3463 2442 :

1876 2485 2093 2545 propter
2114 2476 2256 2545 quod
2281 2485 2336 2532 et
2362 2477 2502 2531 Deus
2528 2486 2583 2532 et
2612 2477 2772 2531 homo
2795 2474 3058 2532 Christus.
3087 2476 3227 2532 Deus
3247 2488 3471 2548 propter

1876 2567 2393 2635 impassibilitatem,
2449 2567 2611 2624 homo
2660 2579 2879 2638 propter
2931 2568 3257 2638 passionem.
3314 2568 3467 2624 Unus

1876 2660 2062 2725 Filius,
2094 2676 2232 2715 unus
2268 2662 2549 2727 Dominus,
2584 2662 2724 2717 idem
2751 2663 2865 2731 ipse
2890 2661 3075 2730 procul
3104 2660 3265 2715 dubio
3287 2662 3467 2714 unita-

1873 2767 1992 2805 rum
2020 2762 2332 2806 naturarum
2359 2767 2518 2806 unam
2548 2752 2965 2806 dominationem
2987 2792 3001 2816 ,
3041 2766 3201 2805 unam
3230 2759 3465 2820 potesta~

1877 2854 1983 2899 tem
2002 2843 2300 2913 possidens,
2315 2844 2524 2897 etiamsi
2541 2858 2644 2898 non
2662 2843 3466 2909 consubstantiales'exsistunt,

1875 2946 1929 2991 et
1977 2950 2304 3005 unaquaeque
2352 2934 2749 2989 incommixtam
2796 2934 3136 3003 preprietatis
3186 2941 3470 2989 conservat

1875 3030 2219 3098 agnitionem,
2261 3036 2480 3099 propter
2521 3026 2621 3082 hoc
2667 3026 2810 3096 quod
2855 3026 3132 3081 inconfusa
3172 3033 3296 3080 sunt
3336 3026 3469 3083 duo.

1875 3121 2026 3177 Sicut
2053 3121 2198 3177 enim
2223 3130 2505 3191 antequam
2532 3119 2896 3174 sanctilieetur
2921 3119 3075 3190 panis
3095 3160 3109 3185 ,
3141 3133 3335 3190 panem
3365 3133 3470 3174 no-

1875 3213 2182 3267 minamus:
2220 3212 2400 3267 divina
2445 3221 2624 3267 autem
2669 3211 2818 3266 illum
2870 3210 3237 3267 sanctiﬁcante
3275 3211 3465 3281 gratia,

1875 3304 2145 3360 mediante
2168 3304 2443 3359 sacerdote
2459 3343 2474 3369 ,
2506 3304 2761 3359 liberatus
2785 3312 2867 3358 est
2894 3303 3108 3374 quidem
3131 3303 3198 3358 ab
3222 3303 3466 3373 appella-

1876 3395 2022 3451 tione
2048 3395 2226 3464 panis;
2259 3394 2451 3464 dignus
2478 3403 2656 3448 autem
2698 3393 2910 3449 habitus
2947 3393 3199 3449 dominici
3224 3393 3466 3463 corporis

1875 3489 2252 3559 appellatione,
2284 3488 2492 3541 etiamsi
2522 3496 2709 3540 natura
2734 3486 2886 3557 panis
2918 3485 2971 3540 in
3003 3488 3119 3556 ipso
3146 3487 3464 3556 permansit,

1875 3589 1931 3635 et
1959 3595 2064 3635 non
2093 3578 2202 3635 duo
2230 3583 2454 3649 cdrpora
2472 3620 2487 3646 ,
2519 3579 2616 3635 sed
2643 3595 2806 3633 unum
2836 3592 3033 3649 corpus
3056 3578 3180 3634 Filii
3210 3578 3469 3649 praedica-

1874 3688 2013 3728 mus.

1949 3765 2039 3820 Sic
2064 3775 2118 3820 et
2142 3763 2229 3819 hic
2253 3764 2434 3820 divina
2450 3768 2749 3835 δνιδρυσάσης
2778 3762 2820 3828 ⁸,
2853 3762 2908 3818 id
2938 3771 3020 3819 est
3047 3762 3310 3818 insidente
3342 3777 3470 3818 (201⁸-

1877 3859 1991 3929 pori
2020 3866 2227 3924 natura,
2278 3871 2439 3911 unum
2466 3856 2680 3918 Filium,
2711 3869 2868 3909 unam
2919 3869 3198 3925 personam
3240 3863 3469 3925 utraque

1875 3949 1993 4004 haec
2016 3950 2273 4003 fecerunt.
2300 3945 2709 4018 Agnoscendum
2733 3954 2909 4001 tamen
2936 3945 3266 4001 inconfusam
3295 3955 3349 4001 et
3375 3946 3466 4000 in-

1875 4041 2193 4096 divisihilem
2221 4041 2517 4106 rationem,
2546 4054 2652 4093 non
2684 4039 2735 4093 in
2770 4054 2871 4092 una
2903 4040 3075 4093 solum
3112 4047 3301 4093 natura
3324 4079 3339 4103 ,
3371 4038 3468 4093 sed

1794 4123 1801 4141 ’
1876 4134 1932 4189 in
1956 4133 2160 4188 duabus
2188 4131 2453 4202 perfectis.
2483 4130 2539 4187 Si
2567 4130 2710 4185 enim
2740 4130 2914 4192 unius,
2946 4129 3213 4199 quomodo
3239 4128 3290 4184 id
3320 4128 3465 4198 quod

1873 4224 2208 4281 inconfusum
2239 4234 2340 4289 est,
2371 4224 2638 4293 quomodo
2658 4223 2798 4293 quod
2826 4222 3165 4288 indivisibile,
3194 4223 3465 4293 quomodo

1938 4336 1958 4398 ἓ
1984 4334 2524 4398 stephanustemoyne
2541 4371 2555 4393 ,
2574 4346 2700 4398 imos
2721 4339 2884 4398 autem
2907 4332 3234 4398 communibus
3253 4332 3358 4398 istis
3380 4346 3467 4383 no-

1872 4393 2101 4459 minibus,
2114 4395 2308 4459 quando
2320 4393 2687 4459 dispensationis
2698 4393 3022 4459 conﬁtendum
3031 4402 3102 4445 est
3111 4393 3469 4459 myst_eriaun;si

1873 4457 2050 4526 liceret
2072 4456 2353 4526 pro,_un_os,
2378 4456 2746 4526 legere,putor,
2780 4456 3025 4526 Sententia
3064 4456 3195 4526 bene
3226 4456 3465 4526 haberet;

1873 4516 2088 4582 Bigotius
2110 4522 2181 4569 sic
2202 4519 2354 4568 habet
2379 4534 2391 4567 :
2421 4516 2510 4582 His
2528 4516 2688 4569 autem
2711 4517 3040 4582 communibus
3061 4516 3167 4567 istis
3197 4518 3268 4568 uti
3284 4516 3468 4581 oportet

1874 4578 2162 4654 nominibus,
2178 4588 2295 4651 etc.,
2311 4582 2413 4654 ubi,
2431 4579 2853 4654 istis,‘superlluit.
2872 4578 3078 4639 Mallem,
3096 4582 3221 4640 utor,
3246 4586 3302 4629 ut
3312 4578 3466 4641 supra

1871 4644 2002 4701 dixi,
2031 4650 2085 4692 et
2106 4643 2260 4692 omnia
2283 4642 2597 4704 quadrareut.

1910 4706 1957 4776 "3
1988 4707 2159 4776 Bigot.,
2184 4703 2238 4753 id
2253 4705 2386 4776 quod
2425 4701 2753 4776 blasphemum
2773 4706 2845 4776 est
2870 4713 2889 4750 :
2910 4706 2959 4751 et
3000 4700 3052 4751 in
3088 4699 3290 4753 manetis
3325 4705 3376 4752 et
3405 4704 3461 4755 in

1871 4764 2326 4825 atiorwithazresim
2351 4764 2604 4815 declinasti
2624 4764 2935 4828 impietatem.
3170 4820 3181 4828 _
3230 4822 3284 4828 __
3378 4818 3390 4828 .

1928 4835 1965 4867 ⁸·
1978 4822 2147 4883 Indis.
2172 4836 2280 4881 erat
2296 4828 2525 4892 templum
2546 4820 2722 4892 cruris.
2749 4826 2896 4892 C_njus
2910 4826 3019 4892 loco
3037 4820 3209 4892 posuit
3230 4820 3458 4892 Digortius

1871 4894 2052 4955 carnis,
2079 4901 2133 4943 et
2165 4893 2237 4943 sic
2255 4884 2503 4956 sententia
2515 4887 2741 4956 quadrat.
2753 4885 2834 4956 De
2850 4884 3289 4956 templncarnisslc
3299 4884 3463 4956 Atha-

1869 4947 2214 5017 nasius'lipist.
2235 4956 2297 5003 ad
2317 4947 2629 5017 Adelphium
2638 4962 2689 5017 ρ.
2714 4948 2830 5017 816ι
2850 4948 2913 4997 de
2937 4947 3231 5017 quibusdam
3258 4947 3459 5017 {riguis

1871 5009 2115 5079 loquens?
2144 5018 2216 5066 Οὐ
2240 5009 2499 5079 506?.ovttit_
2512 5014 2593 5061 τὸν
2613 5010 2787 5079 Κύριρν
2810 5010 2860 5059 ἐν
2886 5009 3029 5079 capiti
3051 5013 3117 5079 ᾡς
3145 5010 3196 5079 eg
3214 5009 3314 5079 ναῑρ
3339 5009 3457 5056 ὄντα

1869 5069 2149 5143 πρρσκυνρν
2163 5092 2175 5103 ·
2203 5069 2462 5128 Dominum
2482 5074 2535 5124 in
2554 5069 3025 5143 carneﬂtongttont'in
3048 5069 3228 5143 templo
3245 5070 3460 5143 adorare

1870 5133 2056 5191 nolunt.
2090 5141 2155 5191 Et
2187 5155 2299 5204 pag.
2340 5152 2446 5200 seq.
2473 5148 2672 5186 carnem
2700 5133 2908 5194 Christi,
2940 5136 3180 5197 templum
3203 5133 3465 5195 appellare

1872 5213 2061 5330 pe’fr
2080 5265 2129 5330 in
2153 5265 2242 5313 Ms.
2265 5256 2713 5330 legitur-tiligotius
2732 5263 2899 5330 autem
2921 5259 2988 5330 ita
3006 5255 3262 5330 restituit:
3288 5255 3460 5330 eque

1872 5324 2003 5393 erp'm
2023 5339 2086 5376 ex
2112 5328 2202 5377 hoc
2222 5324 2285 5393 ob
2309 5314 2597 5393 inhabitari-ii
2618 5318 3003 5393 defraudabalur
3025 5332 3043 5370 :
3064 5318 3150 5389 sed
3178 5314 3459 5393 signiﬁed?

1873 5340 1917 5377 et
1954 5340 2003 5375 m
2023 5340 2086 5376 επ
2112 5340 2202 5377 hoc
2225 5340 2285 5375 at)
2309 5340 2595 5373 mnaouanu
2618 5340 3003 5381 uetruuuauutur
3025 5340 3043 5370 .'
3064 5340 3150 5370 seu
3178 5340 3457 5382 nyquuw

1873 5340 2055 5445 cogens,
2083 5397 2182 5437 etc.
2210 5390 2396 5450 Sensus
2417 5393 2521 5450 est:
2542 5382 2645 5431 Etsi
2668 5381 2891 5450 Christus
2908 5379 3234 5450 se_hominem
3253 5374 3457 5439 dixerit,

1872 5444 2062 5500 deitate
2093 5457 2257 5498 tamen
2282 5444 2375 5495 no'n
2402 5448 2641 5506 privatur,
2668 5458 2754 5506 seu
2782 5444 3116 5506 defraudatur.

1934 5513 1955 5545 ⁵
1982 5513 2163 5575 Petrus
2185 5512 2365 5575 Martyr
2380 5503 2518 5569 legit.
2540 5503 3023 5575 consubstoytitditer.
3039 5505 3221 5575 Locum
3242 5513 3462 5575 sequen-

1876 5581 1979 5624 tem
2005 5590 2015 5618 :
2045 5571 2179 5623 sicut
2199 5563 2325 5623 enini
2344 5563 2602 5634 antiquam
2621 5567 2948 5634 sanctiﬁcetur
2968 5565 3126 5631 panis,
3154 5570 3250 5613 etc.
3259 5599 3274 5625 ,
3296 5563 3464 5624 expli-

1875 5635 2090 5687 cavimus
2112 5637 2161 5683 in
2188 5635 2423 5697 M0nit0._
2674 5692 2693 5697 _
2767 5691 2778 5697 _
2943 5695 2949 5697 _
3081 5685 3112 5697 ,_
3208 5686 3239 5697 Δ,

1939 5698 1960 5728 ⁵
1988 5699 2070 5747 Sic
2097 5698 2217 5759 legit
2243 5706 2384 5743 vetus
2410 5691 3057 5759 interpresALatinus,atque
3078 5687 3146 5759 ita
3163 5687 3464 5759 etiamﬂapud

1874 5761 2053 5810 Joann.
2074 5750 2429 5822 Damasci-num
2455 5750 3463 5822 contraApollinaristas,qui'huncghry:

1874 5824 2077 5869 sostomi
2109 5822 2272 5869 locum
2299 5819 2454 5865 refert
2490 5816 2581 5863 hoc
2604 5812 3271 5877 titu'lotTo“u'_Xpuooo'répou,
3297 5812 3352 5860 ἐκ
3370 5812 3462 5877 τοῦ

1876 5885 2001 5930 κατὰ
2035 5882 2452 5943 Ἀπεὶιναρισςὼν.
2480 5879 2870 5943 Apndyeterem
2894 5872 3218 5943 interpretem
3254 5872 3455 5943 legeba-

1880 5951 1960 5994 tur
1984 5938 2308 6006 ἐνιδρυσάσηξ,
2331 5940 2381 5993 id
2404 5945 2474 5995 est
2498 5938 2779 6003 iimndaute,
2805 5939 3041 5989 mendose
3065 5950 3171 6004 pro,
3196 5938 3451 5988 mittente.
