3950 6370
515 402 625 458 759

516 518 686 572 unitio
703 515 898 572 dicitur
915 515 1196 587 aliquando
1215 515 1532 586 sibimetipsi
1553 516 1690 570 uniri
1714 531 1833 586 qua:
1862 531 1964 571 una
1994 523 2107 582 est;

515 617 608 664 aut
643 607 930 674 confundi,
961 618 1050 662 aut
1093 606 1256 662 dividi
1291 608 1622 676 impossibile
1663 616 1765 662 est.
1799 607 1951 676 Quod
1981 622 2111 678 ergo

515 698 780 752 infernum
810 699 1047 755 evomuit
1072 715 1229 753 unam
1262 699 1312 753 in
1343 699 1557 755 Christo
1585 707 1828 754 naturam
1850 699 2030 756 dicere
2052 701 2110 756 ‘?

514 799 763 856 putamus
791 789 1024 844 divinam
1071 789 1240 844 solam
1271 791 1610 846 nominantes
1651 806 1759 846 non
1795 792 2110 847 omnimodo

513 893 671 934 unam
700 891 929 950 negant,
969 890 1209 936 nostram
1238 882 1359 937 dico
1384 883 1608 939 salutem
1629 925 1645 950 ,
1685 893 1779 938 aut
1822 885 2107 939 humanam

512 969 803 1024 retinentes
831 979 1035 1025 natura:
1070 971 1264 1026 divinat
1304 972 1712 1042 abnegationem
1749 973 1969 1029 faciunt.
2015 975 2106 1028 Di-

510 1067 655 1126 cant,
701 1076 822 1130 quae
870 1061 1100 1131 perdidit
1142 1062 1282 1132 quod
1325 1065 1596 1135 proprium
1648 1065 1806 1120 erat?
1853 1064 1908 1122 Si
1964 1067 2108 1122 enim

512 1167 649 1206 unus
673 1165 776 1219 est,
799 1153 943 1208 salva
971 1156 1124 1210 nobis
1147 1166 1228 1210 est
1260 1157 1429 1211 unitio
1448 1159 1592 1212 omni
1619 1159 1799 1222 modo,
1828 1170 1878 1213 et
1903 1174 1964 1214 ea
1985 1175 2106 1229 quae

509 1244 736 1298 unitioni
755 1257 878 1300 sunt
906 1247 1117 1316 propria
1148 1248 1341 1303 salvari
1370 1264 1592 1305 necesse
1615 1249 1780 1307 est.Si
1803 1252 1946 1306 enim
1975 1268 2104 1317 non,

511 1351 612 1391 nec
641 1338 842 1406 unitio,
886 1339 978 1392 sed
1009 1339 1254 1394 confusio
1293 1349 1347 1395 et
1371 1342 1610 1396 abolitio.
1658 1341 1778 1396 Mox
1817 1354 1996 1398 autem
2037 1343 2107 1399 ad

509 1429 941 1501 interrogationis
970 1431 1288 1489 ﬁuctuantes
1329 1437 1730 1505 responsionem
1751 1477 1766 1502 ,
1799 1437 1866 1491 ad
1906 1438 2104 1507 aliquid

509 1521 649 1575 aliud
678 1524 948 1588 exsiliunt,
991 1525 1135 1594 quod
1162 1541 1268 1580 non
1298 1527 1368 1580 sit
1394 1523 1668 1596 proprium
1695 1527 1763 1582 ad
1799 1529 2105 1601 interroga-

510 1612 734 1678 tionem,
765 1623 820 1668 et
850 1615 1214 1671 inconstantes
1240 1618 1489 1672 emittunt
1510 1634 1688 1674 voces.
1715 1619 1938 1676 Pertulit
1965 1621 2106 1678 Deus

507 1713 563 1759 et
611 1721 719 1760 non
767 1709 1007 1777 pet-tulit,
1059 1709 1184 1764 etsi
1229 1720 1480 1780 petantur
1521 1711 1738 1766 modum
1786 1711 1988 1781 dicere,
2035 1715 2104 1769 ad

509 1795 863 1864 ignorantiam
895 1800 1152 1854 recedunt
1182 1803 1530 1871 proferentes,
1565 1804 1835 1872 quomodo
1855 1807 2022 1862 voluit
2042 1809 2098 1862 ἐ

505 1886 704 1943 Christi
741 1889 881 1958 apud
909 1891 1053 1960 ipsos
1082 1894 1341 1948 memoria
1377 1893 1631 1964 fugiente.
1661 1895 1789 1951 Post
1817 1897 1933 1953 hmc
1960 1899 2101 1952 vitu-

506 1981 674 2048 perati
709 1981 759 2036 in
793 1983 911 2050 hoc,
946 1999 1073 2038 mox
1102 1985 1303 2050 dicunt,
1330 1988 1397 2042 Et
1423 1987 1670 2044 Christus
1698 2005 1802 2045 non
1827 1999 1909 2046 est
1936 1993 2096 2059 Deus,

514 2070 609 2124 sed
641 2082 694 2126 et
724 2073 904 2128 homo.
931 2075 1000 2129 Et
1024 2077 1212 2132 iterum
1238 2079 1459 2133 dicunta
1484 2096 1498 2132 :
1546 2079 1676 2136 Post
1700 2081 1955 2139 unitatem
1995 2099 2100 2140 non

503 2173 719 2230 oportet
761 2164 940 2220 dicere
966 2165 1100 2220 duas
1126 2179 1364 2224 naturas.
1399 2171 1631 2226 Attende
1658 2173 2101 2242 signiﬁcationem

504 2252 656 2308 dicti.
688 2253 990 2313 Unitionem
1013 2258 1227 2314 dixisti?
1248 2260 1417 2317 Unius
1448 2263 1737 2320 unitionem
1765 2280 1871 2320 non
1895 2267 2102 2322 invenis

505 2345 642 2410 ﬁeri,
674 2349 944 2416 quomodo
985 2353 1373 2420 praevenientes
1410 2355 1664 2425 diximus,
1725 2357 1942 2413 Verbum
1979 2377 2100 2417 caro

505 2443 697 2509 factum
725 2453 800 2496 est
826 2441 1007 2515 (Joan.
1036 2447 1087 2500 1.
1131 2447 1257 2516 i4):
1282 2448 1377 2504 sed
1413 2458 1468 2504 et
1496 2453 1938 2520 speculancorum
1964 2469 2098 2522 que-

503 2539 692 2586 rentur
737 2534 1104 2619 subtilitatem.
1151 2538 1337 2593 Intulit
1376 2541 1554 2610 enim,
1605 2541 1675 2596 Et
1714 2544 2010 2601 inhabitavit
2044 2548 2100 2603 in

503 2625 666 2679 nobis.
703 2626 972 2699 Numquid
1017 2647 1120 2685 non
1154 2632 1246 2688 tibi
1287 2634 1498 2690 videtur
1520 2637 1644 2708 quia
1672 2637 1816 2693 aliud
1847 2649 1931 2696 est
1955 2641 2098 2711 quod

501 2718 766 2775 inhabitat
794 2733 988 2791 praeter
1017 2723 1438 2782 habitationem?
1469 2730 1531 2785 Si
1550 2733 1914 2803 cognovissent,
1948 2752 2100 2789 num-

501 2830 654 2882 quam
691 2813 968 2870 Dominum
1014 2818 1194 2888 σιω-ίαν
1233 2821 1604 2890 cruciﬁxissent
1633 2824 1721 2896 (1.
1746 2823 1864 2880 Cor.
1904 2827 1960 2880 2.
2002 2826 2094 2898 8).

501 2905 785 2960 Dominum
813 2907 1004 2963 iterum
1042 2911 1255 2980 quando
1283 2911 1502 2982 dixeris,
1534 2931 1640 2970 non
1672 2919 1969 2988 proprium,
2001 2919 2098 2975 sed

409 3058 414 3062 ,
499 3009 786 3051 commune
805 2997 1131 3067 signiﬁcatur
1159 3017 1354 3057 nomen
1386 3005 1650 3074 passionis
1671 3017 1728 3063 et
1752 3008 2096 3079 impassibili-

499 3087 625 3141 tatis
651 3090 1014 3158 susceptibilc.
1039 3093 1449 3152 Consueverunt
1467 3097 1488 3128 ⁸
1507 3107 1686 3155 autem
1711 3110 1767 3156 et
1791 3102 1932 3158 istud
1954 3118 2098 3174 pra:-

500 3179 758 3237 tendere:
787 3182 1044 3241 Putamus
1081 3201 1187 3242 non
1217 3203 1414 3258 corpus
1440 3192 1537 3247 Dei
1565 3201 1622 3248 et
1656 3197 1968 3266 sanguinem
1999 3213 2096 3254 ac-

498 3275 741 3344 cepimus
763 3275 990 3332 ﬁdeliter
1017 3293 1083 3334 ac
1111 3280 1195 3349 pie
1223 3283 1641 3353 suscipiendum,
1673 3302 1780 3342 non
1821 3289 1946 3359 quia
1971 3305 2095 3346 cor-

563 3394 584 3426 ί
608 3391 905 3468 Athanasius
927 3397 1095 3468 contra
1123 3391 1406 3468 Epictetum
1432 3371 1624 3468 p390?
1639 3395 1788 3468 l_Io‘io_¢
1806 3396 1924 3468 ᾀδῃς
1942 3397 2086 3468 ἡρῴ-

500 3458 630 3514 ξατο,
655 3454 909 3530 630969;?
929 3455 1073 3503 εἰπεῖν
1093 3455 1149 3503 τὸ
1168 3454 1228 3504 ἔκ
1246 3454 1673 3530 Mamaea-diuiti
1685 3457 1783 3528 ,τοῦ
1804 3454 2085 3530 Ᾱρῒουδεὸ-

497 3535 605 3575 τητι
625 3531 639 3576 ;
665 3516 781 3573 Quis
803 3515 1019 3578 infernus
1041 3515 1276 3566 cruciavit
1293 3515 1471 3580 corpus
1490 3515 1554 3567 ea:
1567 3515 1729 3569 Maria
1749 3515 1962 3582 genitum
1979 3535 2085 3573 esse

502 3579 650 3627 Verbi
671 3575 917 3627 divinitati
937 3576 1341 3627 consubstantiale
1350 3577 1375 3627 .7
1386 3582 1505 3627 Onm
1514 3588 1788 3627 sequuntur
1799 3590 1926 3627 nasi.
1938 3596 2085 3627 unam

502 3579 650 3629 Verbi
671 3579 917 3627 divinitati
937 3579 1788 3642 consubstantiate?'Qnaesequuntu'r
1799 3590 1926 3645 post,
1938 3596 2085 3634 unam

498 3640 552 3692 in
575 3638 770 3691 Christo
792 3642 1368 3710 naturam_dicere_(_uiav
1395 3644 1701 3710 éﬂi_xpt0"t_t;)
1723 3645 1876 3706 λέγειν
1900 3646 2082 3707 φύσιν),

533 3717 610 3752 me
637 3717 732 3752 non
755 3710 894 3750 erant
918 3703 969 3751 in
1002 3703 1164 3763 Bigot.
1197 3703 1352 3763 Edit.,
1378 3715 1439 3752 ex
1472 3703 1615 3752 Joa‘n.
1649 3703 1874 3756 Damasc.
1910 3703 2084 3757 contra

533 3763 742 3814 acobitas
763 3766 1021 3817 desumpta
1042 3770 1177 3813 sunt.
1205 3762 1405 3817 Ibidem.
1429 3765 1668 3816 Putamus
1690 3765 1909 3817 divinam
1929 3768 2084 3817 satam

497 3763 742 3815 Jacobitas
763 3766 1021 3825 desumpta
1042 3770 1177 3813 sunt.
1205 3763 1405 3823 Ibidem,
1429 3765 1668 3816 Putamus
1690 3765 1909 3818 divinam
1929 3768 2085 3818 satam

496 3827 816 3898 nominantes.
837 3839 938 3897 non.
953 3823 1231 3898 omnimodo
1249 3838 1398 3898 unum
1419 3832 1843 3898 negant,_uostrant
1870 3829 1981 3898 dico
2003 3845 2085 3880 sa-

497 3891 666 3939 lutem.
697 3889 860 3938 Graeca
898 3888 970 3936 sic
996 3888 1236 3936 vertenda
1263 3901 1275 3937 :
1303 3891 1398 3937 Aut
1433 3888 1563 3938 enim
1597 3888 1817 3942 divinam
1857 3897 2084 3942 naturam

497 3956 711 4022 tenentes
731 3948 992 4022 humanam
1009 3955 1207 4022 negant,
1223 3955 1435 4022 nostram
1454 3951 1567 4022 divo
1590 3953 1896 4022 salutemmut
1908 3956 2086 4022 huma-

497 4026 612 4084 nam
620 4011 874 4084 retinentes
883 4010 1087 4084 ,naturai
1104 4010 1284 4084 divina:
1301 4010 1662 4084 abnegationem
1679 4014 1880 4084 faciunt.
1908 4015 2084 4084 Latine

499 4076 783 4149 legebatur,
805 4071 898 4122 non
921 4071 1106 4149 divina;
1127 4071 1492 4149 abnegationem
1514 4071 1700 4149 faciunt
1712 4091 1731 4138 ;
1752 4077 1842 4126 sed
1867 4082 2015 4149 male.

561 4136 747 4205 '_inter
768 4135 1290 4205 propositionesillas,
1311 4149 1422 4205 quae
1443 4135 1799 4205 ab'Anouymo,
1819 4138 1907 4202 qui
1927 4143 2083 4205 Atha-

493 4197 627 4261 nasii
653 4195 848 4261 nomine
863 4195 1234 4261 circumfertur,
1248 4195 1579 4261 confutantur,
1589 4195 1760 4249 octava
1777 4195 1908 4252 hunc
1930 4203 2102 4261 habet,

496 4258 699 4327 titulun!
733 4273 745 4308 :
781 4259 908 4322 Πρὸς
945 4257 1568 4327 τοὺς,λξίγοντᾳς,-Ἔπαθεν
1598 4263 1625 4309 ὁ
1649 4265 1768 4327 θεὸς
1807 4266 1873 4319 ὡς
1911 4265 2082 4327 ἠθέλη-

496 4333 583 4369 σε·
626 4318 870 4370 Adversus
890 4330 972 4369 eos
995 4318 1081 4383 qui
1105 4318 1289 4382 dicunt,
1321 4321 1510 4373 Passus
1539 4327 1610 4372 est
1640 4325 1789 4385 Deus,
1819 4318 1875 4375 ut
1906 4318 2078 4380 voluit.

494 4381 680 4433 Athan.
701 4383 843 4430 'I‘om.
867 4383 913 4438 2,
938 4395 992 4438 ι).
1018 4383 1125 4432 570.

553 4439 575 4472 ³
607 4443 666 4490 ει
698 4438 877 4512 iterum
899 4438 1466 4512 ᾳίςιιπι-μξηεαιωειλιν
1487 4456 1537 4504 ιις
1557 4451 1650 4512 me
1671 4451 1944 4512 μπιῃδδπις
1975 4472 2086 4512 μοι.

490 4507 673 4552 Rursus
695 4503 762 4551 ad
785 4501 924 4553 aliud
955 4503 1280 4557 trmsitientes
1314 4504 1501 4557 dicunt.
1525 4501 1618 4556 ’Βία
1648 4501 1769 4557 vero
1791 4501 2088 4559 Iocus-nune

394 4627 396 4629 b
488 4564 645 4629 [nimo
665 4570 844 4629 (ὶιτλνείιε)Δ
853 4565 1013 4626 prodit
1035 4578 1099 4616 ex
1115 4574 1302 4618 Joanne
1325 4574 1620 4620 Damasceno
1637 4577 1806 4619 contra
1824 4572 2084 4620 Jacobitas.

551 4625 975 4702 ‘_Hic-item.l6cus_
988 4641 1120 4680 nunc
1141 4631 1296 4702 primo
1318 4631 1481 4702 prodit
1503 4638 1776 4702 exVJganne
1791 4639 2087 4702 Damascenq

489 4697 578 4734 con
583 4694 655 4734 tra
665 4688 904 4739 Jacobitas
916 4703 929 4738 :
943 4697 1104 4740 Greca
1113 4688 1185 4741 sic
1192 4688 1521 4743 convertimus
1532 4706 1545 4742 :
1562 4688 1719 4743 solent
1731 4701 1892 4744 autem
1900 4701 1945 4744 et
1955 4692 2086 4745 istud

490 4749 796 4820 pt‘wtettdere
825 4763 844 4800 :
871 4764 1037 4820 {anon
1061 4766 1236 4818 corpus
1251 4761 1298 4804 et
1305 4755 1596 4820 sanguinem
1610 4753 1702 4805 Dei
1716 4754 1928 4820 ﬁdeliter
1943 4765 2088 4820 atque

491 4810 570 4869 pie
591 4810 898 4881 accipimus?
920 4814 1078 4864 Etiam
1105 4810 1494 4881 respondendum
1520 4830 1538 4867 :
1557 4830 1652 4881 non
1673 4810 1803 4881 quod
1830 4827 1955 4870 Deus
1978 4810 2088 4868 car-

491 4881 604 4944 neat
624 4872 975 4943 etsangainem
996 4883 1107 4944 ante
1145 4872 1528 4944 Incaruationem
1548 4872 1771 4944 [tabuerit
1791 4892 1856 4944 ea;
1877 4889 2087 4944 natura;

492 4932 580 5005 sed
603 4932 719 5005 quia
740 4932 798 4984 εᾶ
831 4948 940 5005 quia
958 4938 1124 5005 carnis
1144 4947 1256 5005 sunt
1272 4939 1594 5005 sibipropria
1621 4941 1737 5005 facit
1753 4977 1769 5001 ,
1793 4941 1974 4994 dicitur
1998 4932 2087 4993 ha;

492 4987 737 5069 gari-au.
762 5005 801 5045 ο
817 4987 1472 5069 αὒεαςᾳῇράέέηἱζᾶῇῆῥεὸἠ
1481 4987 2087 5069 autumnae}-

491 5053 771 5166 gggﬂemm
819 5061 953 5123 apud
973 5060 1082 5114 iure
1105 5063 1196 5116 Dei
1218 5053 1450 5131 dignitas.
1487 5053 1679 5119 astas
1695 5053 1762 5118 θυι
1778 5053 1840 5118 ίιί
1854 5053 2088 5121 véisiéiie

1235 403 1294 456 S.
1333 399 1613 458 JOANNIS
1640 396 2123 456 CllRYSOSTOMI
2160 397 2480 454 ARCHIEP.
2519 399 3058 460 CONSTANTINOP.
3669 413 3751 470 760

2218 529 2316 584 pus
2345 523 2400 570 et
2423 516 2733 587 sanguinem
2762 516 3031 586 possidet,
3061 518 3114 573 id
3153 519 3294 590 quod
3323 519 3549 576 divinum
3575 536 3646 578 est
3670 543 3746 581 ua.

2219 614 2375 664 tura:
2421 609 2516 664 scd
2567 609 2688 678 quia
2735 598 2872 680 quae
2899 610 3078 665 carnis
3123 620 3247 667 sunt
3295 615 3502 684 propria
3545 617 3686 672 facit!
3714 620 3748 675 0

2216 698 2667 756 inconsideratio!
2696 699 2742 756 Ο
2779 701 2937 772 impia
2966 703 3251 773 cogitatio!
3293 705 3608 762 Periclitatur
3633 712 3750 766 enim

2213 791 2354 860 apud
2404 791 2546 862 ipsos
2581 792 2996 862 dispensationis
3026 795 3368 866 mysterium,
3392 804 3449 852 et
3474 797 3645 855 iterum
3674 801 3750 854 do-

2213 883 2463 936 minicum
2491 898 2686 952 corpus
2711 884 2848 938 sicut
2875 900 3060 939 verum
3089 900 3284 956 corpus
3303 887 3539 944 conﬁteri
3567 906 3657 944 non
3679 907 3755 960 pa-

2215 971 2436 1028 tiuntur.
2464 973 2570 1030 Per
2608 975 2989 1045 cogitationem
3029 977 3172 1031 enim
3203 977 3306 1032 dici
3333 993 3632 1036 conversum
3658 999 3751 1039 esse

2213 1061 2315 1118 hoc
2341 1065 2392 1118 in
2419 1064 2670 1120 deitatem
2698 1065 3073 1137 imaginantur,
3098 1083 3255 1123 unam
3286 1069 3410 1142 hinc
3429 1081 3752 1133 construentes

2213 1166 2454 1212 naturam
2474 1200 2490 1224 ,
2522 1169 2578 1214 et
2602 1159 2771 1228 ipsam
2797 1160 2950 1231 cujus
2980 1162 3049 1216 sit
3077 1177 3183 1217 non
3223 1162 3550 1219 invenientes
3573 1165 3743 1238 dicere,

2211 1259 2270 1304 ut
2301 1251 2601 1319 passionem
2641 1251 2906 1308 divinitati
2931 1253 3164 1324 undique
3198 1255 3489 1310 secundum
3519 1257 3750 1326 Apollinu-

2210 1343 2349 1398 rium
2378 1344 2762 1414 excogitantes,
2789 1344 3038 1400 decidant
3059 1362 3088 1400 a
3118 1347 3397 1416 promissis
3430 1347 3594 1402 bonis.
3627 1349 3751 1402 Puta-

2209 1449 2329 1488 mus
2371 1450 2476 1488 non
2519 1437 2933 1491 contremiscent
2973 1436 3074 1491 ista
3112 1435 3293 1492 dicere
3331 1437 3634 1494 audientes?
3668 1456 3754 1496 non

2207 1526 2442 1596 cogitant
2456 1536 2715 1582 reternum
2732 1528 3013 1599 judicium,
3031 1537 3085 1583 et
3105 1528 3313 1584 Domini
3333 1545 3518 1585 vocem
3536 1531 3749 1586 dicentis:

2208 1617 2323 1688 Ego
2359 1635 2490 1686 sum,
2519 1628 2567 1673 et
2609 1635 2712 1674 non
2747 1629 2913 1674 mutor
2938 1619 3167 1692 (Maiae.
3201 1621 3255 1674 3.
3285 1620 3366 1692 6).
3399 1621 3530 1677 Caro
3552 1624 3753 1692 inﬁrm,

2206 1711 2416 1780 spiritus
2447 1723 2619 1766 autent
2657 1723 2942 1784 promptus.
2974 1712 3154 1780 Pater,
3185 1714 3230 1766 si
3255 1714 3491 1784 possibile
3526 1725 3609 1778 est.
3638 1727 3752 1769 trau-

2206 1814 2315 1859 seat
2354 1823 2386 1859 a
2425 1822 2505 1860 me
2544 1807 2682 1861 calia:
2706 1807 2815 1862 iste.
2841 1805 3022 1861 Tristis
3059 1815 3133 1860 est
3169 1807 3342 1860 anima
3386 1824 3496 1860 mea
3535 1825 3672 1878 usque
3703 1806 3751 1858 ad

2206 1907 2417 1950 mortem
2445 1895 2656 1968 (Matth.
2683 1896 2773 1952 26.
2796 1898 2886 1952 4i.
2915 1896 3006 1952 59.
3034 1897 3149 1966 38).
3175 1895 3397 1966 Palpate
3421 1907 3466 1951 et
3491 1897 3639 1952 videte
3661 1900 3754 1970 quia

2205 1989 2413 2059 spiritus
2441 2005 2644 2044 carnem
2678 1999 2727 2043 et
2755 2005 2870 2044 ossa
2893 2007 2994 2044 non
3023 1989 3190 2057 habet,
3232 1997 3364 2052 sicut
3391 2010 3472 2047 me
3497 1994 3655 2048 videtis
3677 1994 3741 2044 bn-

2205 2082 2320 2135 bere
2344 2079 2495 2150 (Luc.
2531 2081 2622 2136 24.
2660 2081 2776 2153 59).
2819 2083 3073 2138 Putamus
3116 2086 3300 2142 deitati
3339 2088 3442 2142 ista
3480 2097 3592 2156 apta
3622 2083 3754 2140 sunt?

2205 2172 2436 2227 Audiant
2464 2181 2520 2228 et
2557 2173 2772 2229 Petrum
2802 2174 3101 2240 dicentem,
3130 2176 3328 2232 Christo
3359 2195 3454 2249 pro
3480 2178 3610 2233 nobis
3635 2191 3752 2246 passa

2203 2283 2356 2321 carne
2376 2266 2452 2339 (1.
2477 2265 2618 2322 Petr.
2639 2268 2695 2322 4.
2721 2267 2776 2340 1)
2797 2283 2812 2333 ;
2832 2278 2884 2324 et
2911 2285 3015 2322 non
3037 2268 3194 2336 dixit,
3222 2269 3464 2336 Deitate;
3491 2279 3540 2324 et
3565 2270 3749 2324 iterum:

2206 2358 2284 2414 Tu
2312 2375 2364 2413 es
2393 2358 2622 2414 Christus
2645 2358 2811 2414 Filius
2836 2359 2932 2412 Dei
2952 2360 3047 2414 vivi
3066 2359 3276 2431 (Matth.
3303 2361 3391 2416 16.
3424 2359 3532 2433 16).
3560 2358 3752 2414 Viventis

2203 2451 2357 2516 dixit,
2389 2467 2496 2508 non
2542 2452 2848 2517 Morientis;
2896 2461 2949 2508 et
2975 2469 3324 2524 quaecumque
3369 2453 3457 2509 his
3482 2454 3654 2509 similia
3686 2451 3748 2504 di-

2203 2548 2324 2600 vina
2353 2560 2450 2600 nos
2475 2544 2666 2602 edocet
2691 2544 2988 2616 Scriptura,
3019 2545 3106 2600 cui
3149 2545 3364 2601 violenti
3395 2561 3515 2602 esse
3557 2542 3750 2599 lucretici

2203 2656 2310 2696 non
2336 2639 2618 2696 desistunt.

2273 2731 2476 2787 Horum
2525 2731 2656 2786 istas
2702 2729 2966 2787 novitates
3009 2744 3201 2786 vocum
3233 2730 3581 2798 declinantes,
3615 2729 3751 2786 caris-

2200 2825 2358 2892 sime,
2386 2824 2453 2877 ad
2484 2823 2536 2878 id
2565 2823 2708 2895 quod
2737 2824 2985 2895 prtejacet
3009 2835 3358 2888 revertamur,
3396 2826 3534 2894 pium
3560 2834 3608 2880 et
3631 2823 3751 2876 valde

2202 2917 2346 2988 pium
2374 2915 2644 2972 Christum
2673 2916 2762 2985 qui
2784 2925 2961 2972 morte
2987 2915 3350 2971 circumdatus
3370 2925 3454 2972 est
3478 2916 3693 2972 confiteri
3712 2913 3750 2966 in

2199 3012 2475 3068 divinitate
2523 3011 2816 3083 perfectum
2869 3019 2924 3068 et
2975 3012 3028 3066 in
3080 3011 3415 3066 humanitate
3469 3009 3750 3081 perfectum,

2199 3121 2364 3161 unum
2387 3105 2580 3160 Filium
2607 3103 2957 3176 unigenitum,
2987 3119 3093 3157 non
3119 3102 3468 3158 dividendum
3495 3103 3545 3156 in
3566 3100 3750 3155 ﬁliorum

2199 3193 2542 3250 dualitatem:
2588 3203 2888 3266 portantem
2932 3203 3108 3249 tamen
3139 3192 3192 3247 in
3221 3192 3515 3264 semetipso
3543 3190 3750 3246 indivisa-

2200 3303 2316 3342 rum
2329 3286 2554 3342 duarum
2576 3294 2885 3341 naturarum
2910 3283 3384 3340 inconvertibiliter
3415 3283 3751 3354 proprietates;

2198 3396 2308 3435 non
2342 3381 2570 3435 alterum
2599 3389 2655 3435 et
2677 3380 2929 3446 alterum,
2951 3379 3109 3442 absit,
3143 3379 3237 3434 sed
3267 3394 3438 3432 unum
3469 3388 3521 3432 et
3545 3374 3745 3431 eumdem

2197 3473 2482 3530 Dominum
2511 3471 2694 3528 Jesum
2725 3471 2895 3526 Deum
2941 3471 3195 3537 Verbum,
3237 3485 3404 3525 carne
3443 3478 3612 3524 nostra
3644 3463 3748 3518 τιιυί-

2197 3570 2378 3636 ctum,
2411 3575 2466 3622 et
2504 3567 2617 3637 ipsa
2647 3580 2753 3621 non
2782 3565 3070 3619 inanimala
3109 3572 3200 3618 aut
3230 3561 3609 3624 irrationabili,
3646 3556 3750 3611 sicut

2197 3643 2394 3731 impius
2429 3657 2789 3729 Apollinarius
2815 3655 3113 3729 dicit._lslis
3151 3663 3388 3709 mentem
3423 3651 3748 3708 intendamus:

2195 3753 2459 3824 fugiamus
2487 3766 2582 3807 cos
2607 3751 2695 3821 qui
2721 3748 2965 3804 dividunt
2991 3759 3254 3801 naturam.
3281 3745 3400 3799 Etsi
3427 3743 3565 3800 enim
3593 3739 3746 3809 duplex

2196 3855 2410 3912 natura,
2440 3851 2807 3898 verumtamen
2839 3839 3176 3894 indivisibilis
3195 3847 3250 3892 et
3269 3834 3638 3906 indissipabilis
3660 3830 3750 3885 uni-

2197 3939 2292 4004 tio,
2326 3937 2379 3991 in
2407 3950 2510 3991 una
2538 3933 2808 3990 tiliationis
2837 3931 3143 3987 conﬁtenda
3173 3943 3427 4000 persona,
3460 3938 3512 3983 et
3539 3939 3631 3982 una
3648 3922 3749 3976 sub-

2195 4029 2457 4086 sistentia.
2479 4029 2766 4100 Fugiamus
2789 4027 2881 4098 qui
2906 4040 3065 4080 unam
3088 4033 3328 4078 naturam
3352 4030 3478 4092 post
3500 4019 3748 4075 unitionem

2199 4121 2563 4193 prodigialiter
2587 4120 2806 4174 dicunt:
2838 4118 2997 4172 unius
3018 4115 3161 4172 enim
3188 4113 3513 4184 cogitatione
3543 4107 3747 4178 impassi-

2194 4215 2288 4271 bili
2335 4214 2447 4269 Deo
2473 4204 2779 4282 passionem
2819 4209 3112 4280 adjuugcre
3153 4205 3522 4275 impelluntur,
3566 4200 3743 4266 dispen-

2194 4307 2458 4364 sationem
2485 4305 2812 4375 abnegantes
2829 4342 2847 4371 ,
2873 4309 2930 4358 et
2955 4301 3156 4357 diaboli
3185 4299 3490 4374 gehennam
3525 4291 3748 4360 arripien-

2196 4413 2299 4458 tes.
2325 4399 2430 4456 lsta
2453 4408 2668 4471 propter
2689 4410 2994 4453 mensuram
3023 4393 3264 4464 cpistofa:
3289 4390 3538 4446 sufficere
3557 4385 3749 4460 arbitror

2193 4492 2261 4548 ad
2291 4491 2753 4548 conﬁrmationem
2778 4496 2883 4542 tute
2907 4485 3227 4547 dilectionis,
3255 4498 3289 4537 ο
3311 4481 3586 4554 magniﬁce
3607 4477 3687 4546 (al-

2267 4583 2500 4654 Explicit
2525 4581 2752 4653 epistula
2796 4576 2918 4651 (sic)
2952 4577 3092 4632 beati
3121 4574 3342 4632 Joannis
3376 4572 3606 4645 episcopi
3638 4567 3748 4618 Cult-

2194 4673 2653 4746 stantinopolitani
2673 4671 2740 4728 ad
2765 4669 3052 4726 Ctesarium
3080 4665 3400 4723 monachum
3430 4674 3658 4733 tempore
3681 4670 3746 4710 sc-

2193 4767 2354 4825 cundi
2383 4766 2558 4824 exsilii
2586 4763 2690 4821 sui.
2705 4755 2924 4819 'Amen:
2950 4762 3022 4817 ita
3045 4760 3238 4831 legitur
3258 4757 3505 4814 ﬁdeliter.

2258 5037 2331 5102 (α)
2365 5043 2474 5086 Haec
2497 5047 2525 5085 a
2547 5035 2765 5094 vocibus,
2787 5040 2970 5082 Horum
2990 5028 3126 5102 istas.
3152 5023 3504 5102 exianastasio,
3518 5014 3739 5078 Nicepbow

2197 5110 2248 5154 et
2264 5091 2450 5166 'Jo'aune
2473 5091 2770 5166 Damasceno
2789 5102 2954 5146 Graece
2976 5091 3280 5158 prodierunt.

1916 5446 2406 5477 μ-φοο--Α-
