3950 6384
317 340 421 400 761

1470 345 1539 401 ΙΝ
1579 346 1940 405 DIODORUM
1976 349 2409 411 TARSENSEM.

3450 368 3575 431 1762

312 478 532 550 integra
573 478 719 550 apud
752 478 1070 537 Facundum
1113 479 1562 541 liermianensem
1603 487 1922 560 episcopum
1950 494 2224 553 extitisset
2246 496 2512 553 orationis
2551 498 2716 568 hujus
2754 499 3149 573 interpretatio.
3197 505 3336 563 Cum
3370 515 3554 566 autem

312 622 393 679 ibi
430 621 753 694 imperfecta
779 625 871 692 sit,
892 627 1057 681 verba
1088 640 1210 682 mea
1241 627 1424 684 verbis
1457 629 1664 701 antiqui
1705 632 2017 705 interpretis
2046 639 2278 698 miscere
2300 643 2436 699 mihi
2469 643 2659 715 religio
2686 642 2808 699 fuit.
2831 645 2902 700 At
2921 661 3051 701 vero
3076 662 3145 703 ne
3167 655 3280 703 tam
3316 649 3558 718 pretiosa

311 770 371 818 et
406 772 516 820 tam
538 766 865 834 vetusta,'ut
888 766 963 851 ita
986 767 1203 838 loquar,
1232 765 1533 839 fragmenta
1567 771 1657 828 hic
1688 772 2148 848 desiderarentur,
2175 795 2236 837 ea
2264 781 2561 853 unicuique
2589 779 2799 853 paginae
2824 780 3097 854 subjicere
3114 797 3294 854 operae
3321 784 3560 854 pretium

304 899 501 958 duxi.»

372 1044 602 1100 Annum
647 1059 761 1117 quo
793 1045 938 1103 hanc
973 1048 1293 1105 concionem
1326 1049 1518 1106 habuit
1549 1050 1999 1125 Chrysostomus,
2040 1055 2231 1114 statuit
2272 1057 2654 1143 Tillemontius
2701 1060 2829 1128 592,
2880 1075 3043 1132 quam
3080 1057 3336 1131 temporis
3368 1070 3556 1118 notam

298 1194 408 1237 nec
437 1180 778 1252 impugnare,
807 1197 911 1240 nec
946 1190 1008 1241 ut
1035 1185 1261 1243 omnino
1285 1196 1489 1244 certam
1514 1188 1803 1249 defendere
1834 1193 1978 1251 licet.
2010 1195 2327 1252 Orationem
2350 1197 2463 1267 jam
2500 1198 2768 1254 habuerat
2794 1198 3063 1254 Diodorus
3093 1198 3146 1252 in
3172 1212 3276 1267 qua
3290 1196 3556 1253 Joannem

292 1317 762 1390 Chrysostomum
802 1323 1057 1382 laudibus
1099 1327 1387 1396 extulerat,
1426 1337 1489 1385 ut
1519 1345 1684 1401 supra
1723 1331 1929 1388 dictum
1971 1341 2075 1390 est.
2119 1332 2542 1406 Cbrysostomus
2593 1351 2726 1390 vero
2764 1335 2986 1390 laudum
3039 1332 3267 1388 minime
3293 1330 3546 1401 cupidus,

298 1476 438 1519 suas
481 1465 584 1536 ipsi
624 1465 812 1523 laudes
844 1468 1092 1537 {reddidit
1131 1478 1186 1526 et
1222 1472 1524 1530 orationem
1572 1474 1746 1547 texuit
1783 1475 2184 1543 brevissimam,
2229 1476 2360 1547 quia
2408 1486 2534 1548 post
2577 1477 2729 1532 illum
2780 1476 2969 1532 eadem
3006 1475 3095 1531 die
3119 1473 3547 1530 concionaturus

296 1597 485 1655 denno
514 1609 634 1656 erat
678 1600 967 1666 Diodorus.
998 1611 1060 1659 ut
1087 1604 1235 1661 clare
1256 1606 1372 1674 ipse
1397 1606 1575 1662 innuit
1604 1608 1659 1662 in
1702 1607 1807 1664 line
1842 1608 2123 1679 ὲγκωμίου
2162 1610 2278 1667 sive
2317 1611 2695 1667 oratiunculae.
2742 1610 2893 1666 More
2931 1609 3131 1680 quippe
3161 1614 3437 1677 τεεειιιυω
3468 1604 3554 1658 Vi‘

299 1727 489 1785 dtmus
539 1730 866 1809 Antiochiae,
919 1741 982 1788 ut
1024 1733 1215 1791 eadem
1272 1735 1361 1793 die
1402 1738 1459 1793 in
1509 1739 1811 1811 eademque
1840 1743 2073 1799 ecclesia
2102 1745 2212 1801 duo
2243 1745 2723 1802 concionarentur.
2764 1744 3038 1801 Diodorus
3082 1758 3213 1798 vero
3260 1741 3551 1812 episcopus

296 1863 615 1933 Tarsensis,
643 1868 737 1938 qui
774 1870 907 1925 olim
935 1869 1114 1928 fuerat
1143 1872 1372 1932 Joannis
1405 1875 1787 1949 Chrysostomi
1828 1884 2110 1955 magister,
2158 1885 2390 1941 libenter
2418 1885 2487 1942 ad
2528 1886 2581 1942 id
2615 1884 2778 1942 ofﬁcii
2813 1882 3222 1944 admittebatur,
3255 1878 3385 1950 quia
3411 1878 3545 1934 olim

286 2001 582 2073 presbyter
609 2004 985 2062 Antiochenus
1016 2007 1071 2063 id
1101 2007 1345 2065 muneris
1380 2009 1472 2065 diu
1507 2021 1827 2069 exercuerat
1854 2032 1869 2070 :
1901 2030 2012 2086 quo
2050 2025 2295 2087 tempore
2324 2016 2515 2072 Ariani
2548 2033 2672 2073 cum
2710 2016 3038 2071 auctoritate
3074 2012 3366 2085 plurimum
3395 2009 3547 2065 vales

288 2146 437 2203 rent,
473 2137 627 2213 [747]
655 2140 966 2200 Catltolicos
991 2144 1343 2203 infestabant.
1369 2146 1443 2204 lis
1471 2162 1598 2204 cum
1630 2149 1847 2206 fortiter
1882 2152 2177 2209 obsisteret
2204 2153 2492 2222 Diodorus,
2541 2154 2610 2209 ab
2642 2153 2881 2219 Arianis,
2912 2152 3090 2224 inquit
3115 2151 3539 2222 Chrysostomns

278 2266 459 2337 infra,
485 2286 627 2343 saepe
644 2275 836 2344 pulsus
862 2283 966 2343 est,
997 2293 1140 2349 saepe
1171 2277 1554 2349 inpericulum
1576 2282 1772 2352 capitis
1804 2284 1977 2352 venit,
2000 2300 2064 2341 ac
2084 2287 2129 2342 si
2161 2303 2268 2343 non
2299 2303 2380 2355 re,
2410 2289 2604 2345 saltem
2629 2290 2911 2360 proposito
2934 2297 3138 2358 martyr
3160 2286 3284 2351 fuit,
3313 2294 3373 2341 ut
3403 2286 3536 2341 dicit

277 2401 410 2474 ipse
432 2403 880 2478 Chrysostomus,
912 2418 1026 2466 tum
1062 2411 1117 2467 in
1147 2414 1401 2471 oratione
1425 2418 1701 2486 sequenti,
1744 2428 1862 2474 tum
1894 2416 2287 2493 in‘fragmento
2319 2425 2464 2494 quod
2490 2425 2567 2479 illi
2611 2426 2980 2496 subjungitur.
3018 2425 3234 2482 Partem
3261 2426 3527 2482 orationis

280 2537 489 2598 Latine
527 2558 845 2603 conversam
877 2550 1063 2607 retulit
1105 2552 1398 2613 Facundus
1430 2555 1843 2617 Hermianensis
1866 2561 2157 2633 episcopus
2186 2562 2283 2618 lib.
2314 2563 2369 2630 4,
2403 2579 2453 2620 c.
2482 2562 2539 2628 2,
2564 2578 2727 2635 quam
2751 2580 2852 2621 nos
2880 2564 2934 2619 in
2966 2566 3073 2620 ima
3101 2566 3300 2637 pagina
3331 2564 3534 2621 consti-

280 2678 518 2748 tuimus,
544 2691 616 2738 ut
623 2682 741 2755 jam
772 2684 1015 2757 Bigotius
1042 2687 1265 2746 fecerat.

353 2814 602 2875 Orationi
633 2819 763 2876 huic
785 2819 1150 2893 fragmentum
1187 2824 1335 2880 aliud
1365 2826 1769 2898 subjungimus,
1793 2844 1822 2882 a
1842 2828 2103 2886 Facundo
2125 2828 2500 2889 Hermiancnsi
2523 2834 2723 2890 ibidem
2748 2827 3008 2892 allatum.
3030 2840 3272 2896 Pertinet
3307 2858 3437 2898 vero
3466 2844 3537 2899 ad

274 2959 574 3017 Homiliam
591 2961 864 3032 quandam
881 2962 1259 3036 Chrysostomi
1290 2968 1348 3024 in
1376 2970 1718 3027 solemnitate
1743 2972 2039 3044 Martyrum
2077 2991 2092 3030 :
2125 2990 2355 3046 quorum
2388 2978 2677 3035 occasione
2721 2978 3015 3037 Diodorum
3048 2983 3222 3054 ipsum
3246 2970 3536 3058 martyrem

272 3087 533 3158 appellat,
568 3104 632 3146 ac
654 3104 754 3160 pro
784 3098 938 3148 more
960 3093 1166 3151 laudat.

284 3369 3507 3421 -———-—-—-———__.___________________________
3551 3428 3559 3437 ,

1130 3653 1428 3747 LAUS
1522 3658 2040 3755 DIODOBI
2128 3667 2671 3763 EPISCOPI

809 3906 921 3961 QUI
959 3910 1148 3958 PRIOR
1193 3916 1631 3967 CONCIONATUS
1669 3922 2009 3969 LAUDABAT
2049 3913 2376 3987 (JOANNEM
2413 3913 2983 3995 CHRYSOSTOMUM).

317 4501 373 4557 Ι.
394 4502 623 4575 Sapiens
650 4506 741 4565 ille
766 4523 830 4567 ac
852 4524 1146 4582 generosus
1168 4514 1374 4583 doctor,
1398 4533 1569 4588 nuper
1595 4517 1835 4590 deposita

220 4594 555 4657 inﬁrmitate
580 4604 844 4672 corporis,
866 4620 988 4661 cum
1015 4608 1083 4663 ad
1111 4609 1293 4665 sedem
1317 4610 1458 4666 hanc
1484 4614 1835 4681 ascendisset,

222 4703 263 4743 ι
301 4703 390 4745 me
416 4695 677 4750 sermonis
702 4695 829 4752 fecit
848 4700 1161 4769 exordium,
1203 4702 1464 4760 Joannem
1504 4705 1833 4777 Baptistam,

224 4788 300 4837 et
320 4795 502 4838 vocem
533 4784 793 4843 Ecclesia:
810 4831 827 4858 ,
854 4801 909 4846 et
931 4793 1133 4864 virgam
1160 4795 1321 4851 Mosis
1339 4838 1355 4864 ,
1382 4808 1437 4853 et
1472 4799 1575 4853 alia
1600 4815 1721 4854 cum
1751 4800 1834 4857 his

220 4872 407 4930 multa
431 4891 519 4933 me
544 4881 838 4949 appellans.
870 4883 962 4940 llle
992 4894 1119 4943 tunc
1145 4888 1402 4955 laudavit,
1435 4906 1530 4946 vos
1559 4892 1833 4947 exclama-

219 4966 339 5022 stis
371 4985 386 5021 :
418 4984 519 5040 ego
566 4975 753 5042 procul
809 4977 1005 5034 sedens
1051 4995 1233 5057 amare
1282 4984 1516 5053 ingemui
1568 4985 1665 5056 (a).
1714 4985 1834 5055 Ipse

215 5073 469 5129 namque
497 5060 770 5135 laudabat,
793 5082 1029 5124 amorem
1050 5085 1177 5143 erga
1198 5073 1396 5130 liberos
1420 5075 1708 5144 exhibens;
1732 5092 1828 5133 vos

290 5226 387 5313 (ιρ⁸
392 5232 540 5313 33112
547 5238 818 5313 Facundum
837 5242 1237 5313 Hermianensem
1260 5248 1432 5313 episc.,
1451 5248 1486 5298 Ι.
1500 5256 1572 5309 ἰν,
1585 5248 1832 5313 fragmen-

290 5244 369 5291 ta)
390 5244 535 5342 ἕνα
547 5244 818 5287 Facundum
837 5244 1237 5294 Hermianensem
1260 5248 1432 5309 episc.,
1451 5248 1486 5298 Ι.
1500 5248 1826 5313 n',fragmen-

210 5295 389 5375 Eiun
404 5302 925 5375 “anigjlunhveteris
945 5302 1092 5375 hujus
1134 5309 1341 5358 Eucomii
1381 5310 1826 5375 interpretationis;

211 5363 386 5435 93535
402 5357 736 5435 (Ξιξρρξιιιξηξὶ)
779 5357 1187 5435 interpretatione
1224 5357 1826 5435 quamahiiiinsjBiiéiﬁ

210 5412 582 5483 Quoadﬁerba,
605 5419 856 5478 diﬂ'erunt.
880 5412 958 5475 hic
973 5412 1273 5481 siliginis“;

613 5486 659 5566 εξ
681 5476 1379 5566 ﬂumine”
1396 5492 1682 5566 inﬁmitate
1710 5511 1824 5566 ρον-

222 5518 231 5525 ,
287 5506 487 5536 υυμιωιο
508 5506 590 5529 um
613 5506 659 5530 tu
681 5506 970 5544 ιυιίισςιηιιιδ
1005 5506 1191 5551 αοσιον,
1224 5506 1289 5542 nu
1324 5506 1379 5543 ετ
1400 5506 1682 5559 ιημηηααῑθ
1714 5511 1824 5549 cor-

210 5533 361 5598 paris
381 5537 676 5611 exporitaﬁ.
698 5546 1025 5617 eadeposita),
1043 5564 1189 5614 super
1206 5506 1371 5604 sefem
1386 5555 1529 5607 istam
1540 5562 1824 5623 ascendens,

216 5594 1075 5674 denteferrnorlmfecztezrordium,
1100 5615 1365 5674 Baptist
1386 5625 1620 5671 Joannem
1637 5621 1822 5674 dicens.

216 5628 287 5647 ..ο
312 5628 389 5648 ma
410 5628 477 5649 om
490 5628 776 5675 "MHDJCC"
798 5628 1075 5680 emarawm,
1100 5628 1365 5689 Βαρηειαηξ
1386 5628 1620 5671 Joannem
1637 5628 1822 5695 dicens,

211 5667 283 5747 Si.
292 5662 995 5747 Ἥέξειεξυξξιξπξφπ
1018 5683 1278 5747 me..-“
1297 5678 1396 5729 αιιιι
1415 5678 1591 5732 horum
1611 5683 1825 5747 ριιινιηια

211 5683 265 5710 n
295 5683 721 5733 mar-mpm,
741 5683 789 5719 ει
807 5683 888 5733 var,
912 5684 995 5722 am
1023 5683 1190 5739 Moysi,
1229 5684 1278 5729 et
1297 5683 1396 5729 alia
1415 5683 1591 5732 horum
1611 5683 1825 5747 plurima

211 5718 558 5815 zemas-2:-
581 5726 771 5815 ἓξὲξ
1002 5734 1243 5815 esse.
1281 5753 1364 5792 υοσ
1394 5748 1557 5815 αιειεηε
1576 5747 1826 5799 acclama—

208 5788 322 5834 ειη.
351 5783 443 5836 διά
464 5796 575 5851 ego.
592 5783 974 5870 amem,

1873 4143 1944 4156 —

1950 4518 2363 4588 cxclamabatis,
2408 4523 2699 4582 fraternum
2745 4545 2982 4588 amorem
3031 4537 3409 4606 ostendentes;
3438 4557 3541 4614 ego

1950 4609 2386 4681 ingemiscebam,
2411 4619 2551 4687 quod
2575 4620 2788 4677 laudum
2821 4626 2962 4682 mole
2992 4628 3269 4686 obruerer.
3296 4633 3538 4692 Laudnm

1947 4705 2092 4758 enim
2119 4707 2449 4777 magnitudo,
2482 4727 2589 4767 non
2620 4714 2797 4771 minus
2826 4733 2984 4788 quam
3018 4732 3256 4791 peccata,
3289 4729 3538 4786 mordere

1942 4795 2085 4851 solet
2127 4799 2543 4871 conscientiam;
2592 4816 2645 4864 et
2690 4823 2829 4864 cum‘
2856 4811 2975 4880 quis
3023 4813 3121 4868 sibi
3170 4817 3367 4873 nullius
3410 4819 3537 4877 boni

1942 4890 2190 4946 conscius
2214 4893 2348 4948 alios
2375 4897 2523 4951 audit
2551 4900 2716 4954 multa
2745 4917 3041 4974 magnaque
3064 4906 3203 4963 bona
3225 4908 3294 4965 de
3316 4926 3376 4967 se
3397 4927 3539 4983 pra:-

1940 4980 2208 5047 dicantes,
2240 4995 2296 5040 et
2324 4998 2642 5057 praesentem
2672 4994 2976 5063 opinionem
2996 5039 3009 5061 ,
3040 5007 3094 5054 et
3123 4999 3360 5058 futurum
3388 4980 3530 5062 diem

1943 5083 2154 5144 reputat
2183 5076 2237 5131 in
2278 5094 2384 5150 quo
2412 5083 2591 5137 omnia
2621 5084 2762 5140 nuda
2791 5095 2848 5142 et
2872 5099 3056 5158 aperta
3083 5095 3536 5167 erunt:quodque

1942 5163 1988 5219 is
2007 5165 2095 5235 qui
2115 5174 2240 5223 tunc
2249 5169 2528 5239 judicabit,
2546 5188 2652 5229 non
2669 5190 2736 5231 ex
2763 5179 2899 5248 vulgi
2914 5180 3187 5250 opinione,
3206 5163 3393 5242 sed—ex
3413 5163 3528 5257 ipsa

1936 5268 2119 5310 rerum
2146 5260 2372 5316 veritate
2397 5260 2694 5331 judicabit:
2725 5266 2845 5321 Non
2865 5269 3002 5323 enim
3025 5274 3302 5329 secundum
3325 5277 3529 5345 opinio-

1937 5361 2053 5400 nem
2068 5349 2341 5418 judicabit,
2373 5352 2563 5422 inquit,
2596 5372 2753 5425 neque
2776 5361 3052 5416 secundum
3076 5380 3326 5419 rumorem
3351 5377 3530 5439 arguet

1937 5437 2091 5509 (Isai.
2123 5442 2208 5497 11.
2240 5443 2461 5513 5):lta:c
2489 5448 2667 5503 omnia
2695 5451 2969 5521 cogitans,
3012 5456 3223 5511 crucior
3250 5437 3525 5525 laudibus,

1933 5542 1989 5586 et
2030 5531 2169 5588 bona
2212 5536 2465 5605 opinione
2505 5541 2647 5610 vulgi
2682 5561 2696 5598 :
2727 5560 2977 5615 magnum
3022 5548 3349 5619 perspiciens
3378 5550 3521 5606 illam

1932 5622 2074 5680 inter
2123 5636 2178 5683 et
2225 5629 2458 5687 futurum
2508 5634 2766 5704 judicium
2818 5638 3127 5695 discrimen.
3174 5640 3326 5698 Nunc
3377 5645 3522 5700 enim

1932 5717 2330 5776 existimatione
2373 5722 2519 5794 vulgi
2557 5741 2655 5782 ceu
2700 5728 3016 5798 quibusdam
3058 5730 3220 5786 larvis
3258 5733 3520 5803 tegimur:

1931 5807 1988 5865 in
2017 5809 2111 5869 illo
2134 5820 2313 5870 autem
2345 5814 2454 5887 die,
2484 5818 2627 5875 nudo
2652 5822 2823 5893 capite
2843 5863 2859 5891 ,
2888 5823 3179 5896 positisque
3207 5822 3372 5882 larvis
3399 5833 3524 5880 ante
