3950 6370
172 357 274 414 763

172 466 432 535 ἑστῶτες,
491 470 646 526 οὐδὲν
698 473 805 527 άπδ
850 475 950 547 τῆς
1004 476 1254 532 ἐντεῦθέν
1313 478 1472 551 δόξης
1523 482 1606 546 είς
1648 481 1749 554 τὴν

172 559 289 612 ἐκεῖ
323 558 507 630 ψῆφον
546 562 896 635 ὠφεληθῆναι
938 566 1304 639 δυνησόμεθα,
1347 569 1484 623 ἀλλὰ
1505 570 1573 625 δι’
1618 573 1750 627 αὐτὸ

170 652 328 706 τοῦτο
381 654 827 728 κολασθησόμεθα
891 658 1190 730 μειζόνως,
1247 662 1330 715 ότι
1396 663 1491 715 καὶ
1539 664 1751 719 πολλῶν

172 748 409 803 ἐπαίνων
461 750 556 804 καὶ
611 751 813 822 πολλῆς
852 753 1127 825 εὐφημίας
1181 756 1334 828 παρά
1391 756 1498 809 τῶν
1539 756 1750 812 πολλῶν

172 840 599 908 ἀπολαύσαντες,
650 843 772 897 οὐδὲ
820 844 968 916 αὐτῷ
1017 847 1193 918 τούτῳ
1252 849 1594 919 γεγενήμεθα
1632 848 1751 918 βελ-

170 929 336 992 τίους.
1029 930 1035 939 ’

237 1151 306 1222 β’.
320 1151 483 1206 Ταῦτ’
503 1147 597 1206 οὖν
612 1148 829 1206 ἅπαντα
849 1150 1065 1215 ἐννοῶν,
1088 1151 1283 1222 πικρὸν
1300 1149 1580 1214 ἐστέναξον
1597 1146 1745 1220 (sic).

167 1246 259 1303 Διδ
295 1249 390 1302 καὶ
444 1247 677 1319 ἀνέστην
719 1246 928 1318 ταχέως
969 1248 1241 1319 σήμερον,
1276 1246 1419 1301 ὥστε
1468 1246 1554 1315 ἐφ’
1594 1243 1750 1315 ὑμῶν

167 1343 277 1398 τῶν
303 1346 486 1398 ἐκεῖνα
524 1343 838 1415 ἀκηκοότων
864 1342 962 1414 τήν
1002 1343 1259 1414 τοιαύτην
1303 1340 1751 1416 ἀποκρούσασθαι

168 1439 348 1505 δόξαν.
378 1440 488 1494 Καὶ
515 1440 625 1512 γάρ
649 1440 915 1510 στέφανος
932 1442 1062 1495 ὅταν
1090 1440 1293 1512 μείζων
1382 1439 1482 1510 τῆς
1505 1437 1601 1493 τοῦ
1632 1454 1753 1492 στε-

171 1539 511 1609 φανουμένου
564 1538 831 1609 κεφαλῆς,
858 1539 920 1592 ού
968 1538 1322 1611 περισφίγγει
1374 1540 1500 1603 τοὺς
1552 1537 1752 1611 κροτά-

173 1656 325 1710 φους,
353 1637 457 1691 οῦκ
498 1634 732 1699 ἐνιζάνει
754 1638 820 1707 τῇ
863 1636 1109 1709 κεφαλῇ’
1137 1635 1273 1689 ἀλλά
1323 1635 1651 1707 χαυνότερος
1675 1631 1754 1704 τῷ

176 1734 394 1806 μεγέθει
452 1733 755 1804 γινόμενος,
788 1732 879 1786 διά
917 1732 1025 1786 τῶν
1067 1731 1362 1803 ὀφθαλμῶν
1408 1730 1754 1785 καταϐαίνων

173 1830 551 1900 πριαυχένιος
578 1829 807 1898 γίνεται,
832 1829 925 1883 καὶ
949 1829 1048 1901 τήν
1080 1828 1323 1900 κεφαλὴν
1345 1827 1567 1900 ἀφίησιν
1595 1829 1755 1883 ἀστε-

175 1926 440 1995 φάνωτον.
484 1927 550 1978 ‘0
590 1924 657 1997 δὴ
702 1924 848 1998 [Ἠδ]
890 1926 987 1981 καὶ
1031 1927 1192 1996 ἡμεῖς
1234 1924 1615 1997 πεπόνθαμεν,
1658 1921 1755 1978 τοῦ

177 2022 443 2092 στεφάνου
463 2022 572 2076 τῶν
601 2023 892 2095 ἐγκωμίων
921 2020 1073 2095 [748]
1096 2021 1341 2093 μείζονος
1364 2023 1463 2094 τῆς
1484 2023 1757 2095 ήμετέρας

177 2120 434 2190 φανέντος
461 2119 617 2186 ἀξίας
664 2119 927 2190 κεφαλῆς.
965 2119 1103 2176 Ἀλλ’
1124 2121 1275 2193 ὅμως
1312 2119 1407 2174 καὶ
1430 2119 1636 2174 τούτων
1661 2119 1757 2174 οῦ-

175 2234 279 2282 τως
308 2219 568 2289 ἐχόντων,
592 2217 682 2271 διὰ
708 2219 807 2289 τὴν
844 2218 1123 2287 παροῦσαν
1161 2216 1225 2289 (ί.
1261 2216 1582 2290 περιοῦσαν)
1610 2216 1759 2288 αὐτῷ

177 2318 581 2390 φιλοστοργίαν,
602 2320 632 2372 ὀ
664 2317 847 2389 πατὴρ
867 2319 969 2373 οὐκ
996 2317 1209 2388 ἀπέστη
1236 2317 1367 2389 πρὶν
1399 2317 1563 2371 αὑτὸν
1584 2319 1763 2371 ὁπωσ-

178 2416 368 2490 δήποτε
434 2415 700 2470 ἐπιθεῖναι
756 2418 909 2487 ἡμῖν.
982 2414 1140 2469 Οὕτω
1211 2431 1315 2468 που
1373 2415 1471 2468 καὶ
1519 2413 1760 2485 βασιλεῖς

179 2513 387 2568 ποιοῦσι
439 2513 719 2581 πολλάκις,
758 2512 850 2567 καὶ
892 2513 954 2567 τὸ
996 2513 1183 2575 αὐτοῖς
1230 2510 1471 2583 ἁρμόζον
1525 2511 1761 2584 διάδημα

180 2610 451 2678 λαϐόντες,
489 2612 610 2675 ταῖς
659 2609 769 2664 τῶν
822 2608 1052 2664 παιδίων
1104 2609 1408 2663 ἐπιτιθέασι
1440 2609 1708 2679 κεφαλαῖς
1742 2626 1756 2641 ο

181 2704 291 2763 εἶτα
323 2706 547 2762 ἐπειδὰν
601 2706 783 2760 ίδωσιν
816 2684 1024 2761 ἐλάττω
1053 2706 1152 2779 τήν
1178 2705 1436 2779 παιδικήν
1469 2701 1637 2761 οὖσαν
1671 2723 1765 2761 κο-

185 2807 349 2877 ρυφὴν
397 2802 494 2857 τοῦ
548 2804 845 2872 στεφάνου,
901 2802 1052 2875 αύτῷ
1093 2803 1268 2874 τούτῳ
1320 2804 1400 2876 τῷ
1456 2803 1762 2877 περιθεῖναι

182 2901 356 2965 ἁπλῶς
397 2900 494 2954 καὶ
524 2898 601 2963 ὡς
624 2899 780 2970 ἔτυχε
811 2899 1340 2974 πληροφορηθέντες,
1370 2900 1626 2965 λαϐόντες
1650 2900 1763 2955 λοι-
1794 2932 1800 2959 τ

177 2996 278 3053 ’θεὸν
310 2999 532 3060 ἑαυτοῖς
560 2995 953 3066 περιτίθενται.

238 3219 304 3281 γ’.
334 3211 495 3268 Ἐπεὶ
512 3205 606 3265 οῦν
622 3227 714 3264 και
732 3213 761 3265 6
790 3212 969 3284 πατὴρ
992 3205 1077 3261 τὸ)
1094 3206 1245 3277 αὐτῷ
1269 3206 1548 3276 πρέποντα
1573 3205 1772 3275 στέφα-

185 3324 268 3363 νον
298 3310 435 3380 ήμῖν
466 3306 738 3378 ἐπέθηκε,
772 3304 870 3358 καὶ
915 3302 1116 3376 μείζων
1149 3301 1308 3374 ὤφθη
1351 3303 1450 3374 τῆς
1485 3301 1762 3375 ἡμετέρας

188 3407 445 3479 κορυφῆς,
476 3405 658 3476 ἐαυτῷ
685 3405 787 3459 οὐκ
831 3404 899 3459 ἂν
944 3403 1117 3458 ἕλοιτο
1168 3402 1476 3475 περιθεῖναι
1497 3419 1510 3433 ⁸
1536 3400 1668 3474 φέρε
1699 3402 1764 3473 δὴ

187 3506 337 3560 αὑτὸν
364 3503 528 3577 ήμῶν
556 3501 902 3573 ἀφελόμενοι,
932 3503 1000 3573 τῇ
1050 3498 1365 3573 άρμοζούσῃ
1418 3498 1512 3552 τοῦ
1558 3499 1766 3569 πατρὸς

188 3605 336 3674 ήμεῖς
366 3601 652 3673 ἐπιθῶμεν
681 3599 888 3672 κεφαλῇ
918 3599 1103 3653 πάλιν.
1133 3597 1241 3652 Τοῦ
1264 3597 1375 3669 γάρ
1419 3598 1668 3653 Ἰωάννου
1708 3599 1771 3651 τὸ

188 3699 349 3771 ὄνομα
380 3699 519 3769 παρ’
552 3699 704 3768 ήμῖν,
748 3696 810 3750 τὸ
854 3695 913 3748 δὲ
952 3696 1210 3768 φρόνημα
1241 3694 1394 3768 παρά
1436 3695 1611 3766 τούτῳ
1632 3712 1645 3725 ’
1675 3696 1771 3748 καὶ

190 3795 282 3867 τήν
304 3797 398 3867 μὲν
436 3793 812 3867 προσηγορίαν
838 3794 1000 3864 ἡμεῖς
1032 3790 1333 3863 ἐδεξάμεθα
1352 3834 1368 3859 ,
1402 3792 1504 3865 τὴν
1530 3792 1588 3847 δέ
1618 3793 1770 3862 φιλο-

196 3893 377 3962 σοφίαν
408 3888 568 3956 οῦτος
598 3891 888 3962 ἐκτήσατο.
918 3890 1019 3944 Διά
1062 3889 1223 3944 τοῦτο
1250 3890 1351 3945 καὶ
1371 3890 1470 3962 τῆς
1498 3906 1774 3962 προσηγο-

198 3982 311 4051 ρίας
360 3981 570 4046 δίκαιος
622 3979 690 4035 ἂν
736 3980 822 4051 εἴη
874 3978 1280 4051 κληρονομῆσαι
1318 3979 1519 4051 μᾶλλον
1574 3978 1770 4051 ήμῶνο

196 4080 506 4150 συνώνυμον
551 4078 662 4149 γάρ
705 4078 806 4149 οὐχ
836 4079 871 4149 ή
918 4076 1024 4130 τῶν
1049 4076 1331 4149 ὀνομάτων
1354 4075 1629 4142 κοινωνία,
1658 4075 1773 4130 ἀλλ’

198 4177 358 4247 ήτῶν
398 4177 749 4251 πραγμάτων
796 4175 1087 4245 συγγένεια
1118 4178 1295 4230 ποιεῖν
1346 4174 1531 4237 εἴωθε,
1578 4174 1680 4230 κάν
1706 4177 1777 4231 τά

197 4274 429 4345 ὀνόματα
455 4276 713 4347 διαφέρῃ.
748 4273 824 4327 Οὐ
854 4273 963 4341 γὰρ
992 4272 1182 4344 ὥσπερ
1200 4274 1248 4326 οί
1280 4272 1379 4344 τῆς
1413 4272 1611 4338 ἔξωθεν
1636 4274 1780 4345 φιλο-

201 4374 391 4443 σοφίας
441 4372 786 4444 μετέχοντες,
819 4370 961 4425 οῦτω
994 4372 1090 4425 καὶ
1122 4374 1157 4443 ή
1194 4373 1388 4444 Γραφὴ
1414 4374 1542 4446 περὶ
1574 4372 1780 4428 τούτων

199 4470 503 4542 φιλοσοφεῖν
525 4469 737 4525 εἴωθεν.
783 4467 1014 4525 Ἐκεῖνοι
1060 4469 1159 4540 μέν
1181 4468 1289 4541 γὰρ
1319 4470 1386 4523 ἂν
1417 4468 1492 4541 μὴ
1525 4470 1663 4540 μετά
1681 4471 1781 4541 τῆς

199 4567 378 4633 οὐσίας
404 4569 503 4623 καὶ
552 4569 587 4639 ή
623 4566 735 4621 τῶν
765 4565 1049 4639 ὀνομάτων
1098 4565 1376 4639 συμϐαίνῃ
1427 4564 1682 4620 κοινωνία
1719 4566 1781 4620 οῦ

201 4682 327 4734 φασι
354 4664 603 4735 γίνεσθαι
639 4663 1010 4736 συνωνύμους.
1050 4663 1116 4717 Ἦ
1143 4664 1335 4736 Γραφὴ
1366 4664 1424 4717 δὲ
1448 4665 1548 4735 οὐχ
1571 4663 1742 4729 οὕτως
1762 4680 1778 4696 ·

202 4762 311 4816 ἀλλ’
337 4764 468 4817 ὅταν
501 4762 585 4835 ῐδη
611 4761 813 4835 πολλὴν
836 4762 936 4834 τῆς
967 4760 1287 4833 φιλοσοφίας
1318 4763 1419 4832 τὴν
1441 4761 1786 4832 συγγένειαν,

204 4858 301 4912 κᾶν
320 4859 488 4931 ἕτερα
505 4860 746 4931 ὀνόματα
867 4860 1099 4931 κείμενα
1134 4861 1250 4923 τοῖς
1278 4860 1420 4914 κατά
1466 4860 1558 4914 τὸν
1586 4860 1788 4934 τρόπον

206 4960 549 5013 κοινωνοῦσιν
582 4959 852 5031 ἀλλήλοις,
883 4960 994 5013 ἀπὸ
1035 4961 1135 5031 τῆς
1160 4960 1333 5031 αὐτῆς
1382 4961 1580 5025 αὐτοὺς
1618 4978 1787 5032 προσε-

206 5057 430 5129 ηγορίας
450 5057 624 5112 καλεῖ.
658 5058 774 5111 Καὶ
816 5057 1007 5112 τούτου
1048 5058 1110 5111 ού
1144 5058 1428 5131 πόρρωθέν
1466 5060 1583 5113 ἐστι
1614 5077 1790 5131 παρα-

209 5157 355 5225 σχεῖν
381 5156 486 5226 τὴν
519 5134 797 5220 ἀπόδειξιν
814 5195 831 5221 ,
854 5153 970 5208 ἀλλ’
1000 5155 1163 5209 αὑτὸν
1186 5154 1375 5210 τοῦτον
1405 5156 1498 5211 τὸν
1536 5158 1791 5229 Ἰωάννην

209 5250 298 5305 τὸν
356 5251 629 5323 Ζαχαρίου
678 5250 1098 5323 παραγαγόντες
1154 5253 1235 5317 εἰς
1288 5255 1471 5324 μέσον.
1517 5255 1639 5309 Τῶν
1682 5256 1793 5328 γὰρ

217 5347 471 5419 μαθητῶν
500 5349 893 5420 ἐρωτησάντων
916 5388 932 5414 ,
964 5349 1013 5401 εί
1046 5347 1229 5419 μέλλοι
1253 5350 1652 5421 παραγίνεσθαι
1689 5353 1794 5407 πά-

216 5442 296 5497 λιν
316 5445 531 5510 Ἦλίας,
558 5447 907 5519 ἀπεκρίνατο·
934 5447 1043 5503 Καὶ
1069 5446 1159 5501 ὅτι
1184 5450 1239 5502 εὶ
1261 5448 1464 5504 θέλετε
1482 5448 1795 5518 δέξασθαις

1336 370 1400 428 ΙΝ
1443 378 1803 437 οιοουιιυιι
1845 377 2280 469 ΤΑΙΞΞΕΝΞΕΜ.

3341 366 3445 424 761

1850 487 1986 563 εἶχε,
2013 489 2102 544 διά
2133 488 2295 543 τοῦτο
2326 491 2419 542 καὶ
2440 487 2537 557 τῆς
2566 492 2936 558 προσηγορίας
2974 485 3123 557 αὐτῷ
3163 487 3433 558 μετέδωκε

1855 588 2103 659 ταύτης·
2152 585 2341 655 ἐπειδὴ
2391 584 2454 638 τὸ
2510 582 2727 654 πνεῦμα
2772 583 2953 636 Ἠλίου
3007 584 3314 653 ἐκτήσατο,
3347 581 3436 636 διὰ

1852 684 2012 739 τοῦτο
2041 684 2134 737 καὶ
2159 683 2220 735 τὸ
2247 682 2418 752 ὀνομα
2455 680 2657 734 Ἡλίου.
2681 680 2794 734 Καὶ
2832 681 2941 750 γάρ
2979 682 3221 751 ἐρήμους
3253 677 3438 753 χώρας

1856 778 2079 853 ᾤκησαν
2112 778 2411 851 ἀμφότεροι
2448 797 2461 810 ε
2500 779 2595 834 καὶ⁵
2641 779 2671 831 ό
2724 779 2822 849 μὲν
2856 778 3130 849 μηλωτὴν,
3156 780 3184 831 6
3213 779 3270 831 δὲ
3322 779 3441 849 τρί-

1856 882 2003 936 χινον
2035 866 2246 937 ἱμάτιον
2267 867 2674 938 περιεϐέϐλητο·
2712 867 2805 920 καὶ
2832 866 3080 938 τράπεζα
3109 865 3309 938 ὁμοίως
3338 866 3437 919 αύ-

1859 958 1972 1019 τοῖς
2006 956 2227 1028 εὐτελὴς
2247 959 2341 1011 καὶ
2369 956 2490 1027 λιτὴ
2524 952 2613 1029 ἦν.
2646 958 2756 1010 Καὶ
2805 959 2833 1010 ό
2874 957 2974 1026 μὲν
3015 957 3115 1027 τῆς
3163 954 3437 1027 προτέρας

1861 1048 2163 1118 παρουσίας
2191 1049 2437 1113 διάκονος
2471 1050 2717 1118 γέγονεν,
2750 1051 2779 1103 ὀ
2814 1048 2872 1102 δὲ
2899 1047 3051 1102 ἔσται
3083 1049 3183 1118 τῆς
3214 1046 3439 1118 μελλού-

1861 1155 1963 1209 σης
1990 1135 2165 1205 αὖθις.
2199 1141 2352 1195 Ἐπεὶ
2383 1138 2475 1196 οῦν
2506 1144 2601 1197 καὶ
2626 1142 2837 1214 διαίτης
2864 1142 3065 1212 τρόπος
3088 1141 3181 1194 καὶ
3209 1141 3442 1212 ἱματίων

1863 1231 2147 1303 περιϐολὴ,
2181 1234 2276 1287 καὶ
2324 1234 2504 1288 τόπων
2538 1233 2835 1305 διατριϐαὶ,
2877 1234 2973 1288 καὶ
3018 1232 3265 1288 διακονία
3322 1232 3440 1303 μία,

1863 1322 1961 1377 καὶ
2009 1324 2189 1379 πάντα
2232 1324 2324 1379 ίσα
2364 1320 2434 1395 ῆν
2471 1325 2651 1390 αὐτοῖς
2679 1346 2694 1359 ο
2728 1325 2817 1379 διὰ
2852 1324 3010 1379 τοῦτο
3053 1323 3150 1381 καὶ
3183 1323 3356 1390 ϐνομα
3387 1322 3445 1376 ἐν

1864 1431 2200 1505 ἀμφοτέροις
2238 1434 2516 1506 ἐπέθηκε,
2563 1434 2776 1497 δεικνὺς
2832 1435 2913 1489 ὃτι
2972 1433 3073 1488 κᾶν
3126 1430 3312 1504 ἕτερόν
3364 1450 3447 1495 τις

1863 1524 2037 1599 ὄνομα
2060 1528 2180 1602 ἐχῃ,
2200 1529 2424 1585 δύναται
2464 1527 2601 1587 εἶναι
2638 1532 2834 1602 ἐκείνῳ
2885 1529 3222 1601 συνώνυμος.
3256 1524 3318 1583 οῦ
3358 1528 3450 1581 τὸν

1864 1625 2068 1699 τρόπον
2092 1626 2386 1698 ἐζήλωσεν.

1940 1735 2091 1812 [⁸149]
2129 1738 2193 1796 δ’.
2229 1740 2381 1793 Ἐπεὶ
2404 1736 2496 1795 οῦν
2522 1739 3002 1813 ἀναμφισϐήτητος
3038 1735 3194 1804 οὗτός
3234 1742 3381 1794 ἐστιν
3426 1740 3455 1790 ὀ

1867 1836 2070 1902 κανὼν,
2094 1836 2190 1890 καὶ
2230 1837 2466 1910 ἀκριϐὴς
2493 1832 2649 1902 οὗτος
2684 1838 3015 1909 συνωνύμων
3047 1839 3173 1910 ὅρος
3205 1837 3358 1907 παρά
3380 1839 3446 1907 τῇ

1864 1933 1992 2005 θείᾳ
2038 1933 2251 2006 Γραφῇ,
2295 1936 2449 2007 φέρε,
2480 1936 2744 2007 δείξωμεν
2784 1936 2932 1999 ὅπως
2979 1937 3077 1989 καὶ
3113 1934 3205 1989 τὸν
3248 1935 3451 2006 τρόπον

1869 2031 2110 2103 ἐζήλωσε
2148 2031 2240 2086 τὸν
2300 2033 2544 2088 Ἰωάννου
2572 2036 2602 2086 ὀ
2641 2033 2803 2102 σοφὸς
2842 2026 2996 2095 οὗτος
3028 2031 3185 2104 ήμῶν
3233 2030 3450 2103 πατὴρ,

1870 2130 1960 2183 ἵνα
1991 2128 2201 2200 μάθητε
2234 2130 2318 2183 ὅτι
2341 2130 2437 2185 καὶ
2468 2130 2568 2201 τῆς
2596 2128 2968 2201 προσηγορίας
3009 2122 3165 2193 οὗτος
3194 2128 3456 2184 δικαιότε-

1870 2242 1967 2296 ρον
1984 2225 2051 2279 ἂν
2071 2226 2498 2299 κληρονομήσειε
2518 2227 2617 2297 τῆς
2640 2227 2871 2281 ἐκείνου.
2898 2229 3013 2281 Ούκ
3033 2222 3100 2298 ἦν
3118 2225 3309 2296 ἐκείνῳ
3327 2224 3458 2296 τρά-

1872 2322 2046 2390 πεζα,
2085 2324 2205 2378 ούδέ
2260 2325 2440 2395 κλίνη,
2485 2324 2606 2379 οὐδὲ
2659 2326 2807 2379 οἰκία
2855 2325 2949 2380 ἐπὶ
3002 2324 3107 2396 γῆς
3141 2341 3155 2355 ·
3189 2323 3303 2379 ἀλλ’
3333 2322 3459 2375 οῦδέ

1873 2420 2048 2491 τούτῳ
2085 2422 2216 2475 ποτέ
2268 2422 2505 2489 ἐγένετο.
2540 2421 2651 2476 1ςαὶ⁴
2697 2421 2891 2476 τούτου
2952 2421 3228 2492 μάρτυρες
3280 2420 3458 2491 ὑμεῖς,

1874 2518 1995 2583 πῶς
2022 2519 2115 2573 τὸν
2147 2518 2363 2573 ᾶπαντα
2393 2518 2584 2591 χρόνον
2610 2517 2932 2584 διετέλεσεν,
2960 2517 3316 2572 ἀποστολικὸν
3351 2518 3462 2570 ἐπι-

1874 2616 2226 2687 δεικνύμενος
2255 2615 2390 2686 βίον,
2427 2615 2593 2687 μηδὲν
2634 2616 2764 2671 ἴδιον
2808 2615 3126 2688 ἐχων,ἀλλά
3172 2617 3301 2686 παρ’
3342 2615 3462 2668 ἐτέ-

1878 2732 1990 2788 ρων
2043 2714 2404 2786 τρεφόμενος,
2436 2714 2599 2778 αὑτός
2631 2717 2699 2787 τῇ
2732 2718 3007 2787 προσευχῇ
3054 2715 3149 2769 καὶ
3191 2717 3259 2785 τῇ
3315 2714 3463 2767 διδα-

1877 2813 2079 2885 σκαλίᾳ
2110 2810 2204 2866 τοῦ
2235 2812 2396 2881 λόγου
2429 2812 2877 2883 προσκαρτερῶν.
2913 2813 3207 2883 Ἐκήρυξεν
3235 2814 3462 2877 ἐκεῖνος,

1878 2910 2054 2985 πέραν
2082 2908 2178 2962 τοῦ
2219 2907 2467 2979 ποταμοῦ
2506 2907 2798 2980 διατρίϐων
2830 2910 2887 2962 ἐν
2911 2911 3030 2971 ταῖς
3058 2907 3345 2981 ἐρημίαιςο
3373 2910 3468 2962 καὶ

1877 3004 2035 3074 οὗτος
2060 3007 2235 3079 πέραν
2265 3004 2360 3059 τοῦ
2388 3006 2637 3078 ποταμοῦ
2686 3024 2817 3060 ποτε
2850 3006 2948 3079 τὴν
2976 3007 3132 3060 πόλιν
3166 3008 3349 3061 πᾶσαν
3376 3007 3471 3061 λα-

1880 3106 2126 3180 ϐῶν,τὴν
2154 3106 2281 3179 ὑγιῆ
2312 3105 2662 3160 διδασκαλίαν
2696 3106 3039 3163 ἐπαίδευσεν.
3063 3107 3302 3178 ᾯκησεν
3325 3108 3471 3160 ἐκεῖ·

1882 3224 1973 3272 νος
2004 3207 2084 3270 είς
2110 3204 2485 3277 δεσμωτήριον
2517 3204 2611 3258 καὶ
2635 3203 2735 3276 τὴν
2777 3204 3020 3277 κεφαλὴν
3050 3205 3353 3275 ἀπετμήθη
3381 3203 3473 3258 διὰ

1882 3303 1981 3374 τήν
2005 3303 2146 3376 ὑπὲρ
2166 3302 2262 3357 τοῦ
2293 3302 2461 3376 νόμου
2485 3301 2799 3375 παρρησίαν
2820 3318 2835 3333 ’
2857 3300 2993 3356 ἀλλὰ
3028 3301 3123 3356 καὶ
3160 3293 3319 3365 οὗτος
3342 3302 3475 3355 πολ-

1883 3399 2043 3464 λάκις
2065 3401 2168 3471 τῆς
2183 3402 2442 3475 πατρίδος
2462 3400 2689 3467 ἐξέπεσε
2715 3400 2801 3454 διὰ
2821 3400 2920 3473 τὴν
2951 3399 3092 3471 ὑπὲρ
3114 3399 3214 3471 τῆς
3239 3400 3475 3464 πίστεως
3576 3390 3582 3400 ’

1885 3500 2224 3572 παρρησίαν,
2254 3501 2516 3565 πολλάκις
2545 3500 2602 3555 δέ
2638 3501 2734 3554 καὶ
2768 3499 2866 3571 τὴν
2907 3499 3148 3569 κεφαλὴν
3181 3498 3477 3570 ἀπετμήθη

1884 3597 1974 3650 διὰ
2004 3596 2103 3669 τὴν
2150 3598 2322 3669 αὐτὴν
2353 3596 2559 3668 ταύτην
2605 3596 2807 3661 αἰτίαν,
2828 3597 2878 3649 εί
2919 3595 3016 3649 καὶ
3050 3595 3125 3666 μὴ
3171 3597 3238 3666 τῇ
3289 3597 3476 3667 πείρᾳ,

1886 3694 2024 3748 ἀλλά
2048 3697 2116 3767 τῇ
2152 3692 2428 3765 προθέσει.
2465 3693 2540 3746 Οὐ
2574 3691 2686 3764 γὰρ
2730 3692 2989 3764 φέροντες
3019 3691 3070 3744 οί
3099 3691 3198 3763 τῆς
3217 3671 3478 3762 ἀληθείας

1888 3791 2075 3863 ἐχθροὶ
2101 3790 2201 3863 τὴν
2234 3790 2337 3859 τῆς
2365 3789 2613 3860 γλώττης
2644 3789 2811 3845 αὐτοῦ
2831 3789 3085 3861 δύναμιν,
3116 3789 3318 3862 μυρίας
3344 3790 3480 3844 πάν-

1886 3888 2042 3942 τοθεν
2064 3887 2335 3960 ἐρῤαπτον
2367 3887 2680 3955 ἐπιϐουλὰς,
2704 3888 2798 3942 καὶ
2819 3888 2885 3942 ἐκ
2912 3886 3104 3942 πασῶν
3127 3887 3288 3942 αὑτὸν
3317 3886 3480 3959 ἐρρύ-

1893 4004 2024 4042 σατο
2050 3985 2278 4057 Κύριος.
2308 3984 2447 4057 Φέρε
2479 3980 2574 4040 οὖν
2612 3984 2861 4057 γλώττης
2888 3984 3213 4056 ἀκούσωμεν
3248 3983 3477 4055 ταύτης,

1888 4085 1956 4138 δι’
1975 4083 2042 4155 ήν
2066 4083 2162 4136 καὶ
2184 4081 2525 4136 ἐκινδύνευσε
2558 4083 2653 4137 καὶ
2670 4081 2872 4153 ἐσώθη.
2909 4082 3045 4152 Περὶ
3067 4076 3137 4153 ἦς
3170 4081 3271 4136 οὐκ
3298 4083 3365 4137 ἀν
3393 4100 3481 4146 τις

1889 4182 2129 4253 ἁμάρτοι
2151 4178 2312 4233 τοῦτο
2334 4180 2526 4245 εἰπὼν,
2555 4178 2585 4233 ὀ
2616 4180 2747 4251 περὶ
2775 4180 2875 4250 τῆς
2912 4179 3016 4250 γῆς
3051 4178 3197 4253 [τῆς]
3236 4181 3480 4250 ἐπαγγε-

1890 4277 2013 4342 λίας
2042 4276 2232 4349 εἴρηκε
2254 4277 2500 4349 [Μωσῆς.
2518 4276 2583 4330 Τί
2611 4276 2669 4330 δέ
2699 4278 2831 4347 περὶ
2862 4276 3077 4347 ἐκείνης
3121 4272 3275 4334 εἶπεν
3299 4294 3314 4343 ;
3350 4276 3483 4346 Γῆν

1885 4377 2158 4448 ῥέουσαν
2188 4376 2346 4449 γάλα
2377 4375 2477 4430 καὶ
2503 4373 2663 4445 μέλι.
2704 4372 2877 4428 Τοῦτο
2903 4374 3013 4429 καὶ»
3031 4375 3160 4445 περὶ
3185 4375 3286 4446 τῆς
3316 4375 3483 4446 γλώτ-

1892 4493 1994 4549 της
2049 4476 2197 4530 ἕστίν
2245 4475 2420 4528 εἰπεῖν
2439 4489 2454 4502 ·
2504 4470 2724 4541 γλῶττα
2779 4470 2977 4543 ῥέουσα
3023 4471 3165 4540 γάλα
3208 4473 3303 4525 καὶ
3358 4473 3481 4543 μέλι

1894 4576 2109 4630 τούτου.
2139 4573 2237 4628 ’ἶν’
2254 4567 2349 4626 οὖν
2377 4570 2474 4625 καὶ
2487 4569 2759 4639 γάλακτος
2803 4568 3224 4639 ἀπολαύσωμεν,
3254 4571 3349 4623 καὶ
3383 4569 3481 4625 τοῦ

1899 4672 2113 4745 μέλιτος
2150 4666 2554 4742 ἐμφορηθῶμεν
2598 4664 2837 4721 ἐνταῦθα
2870 4665 2962 4719 τὸν
3025 4663 3288 4737 ἡμέτερον
3319 4678 3483 4715 κατα-

1896 4768 2199 4830 παύσαντες
2293 4765 2472 4835 λόγον,
2522 4761 2846 4833 ἀκούσωμεν
2892 4762 2991 4834 τῆς
3032 4760 3203 4835 λύρας
3250 4765 3347 4818 καὶ
3385 4765 3486 4835 τῆς

1899 4867 2219 4934 σάλπιγγος.
2244 4864 2415 4916 Ὅταν
2456 4860 2556 4933 μὲν
2597 4858 2707 4931 γάρ
2735 4859 2834 4931 τὴν
2876 4859 3071 4932 ήδονήν
3107 4861 3346 4933 ἐννοήσω
3377 4861 3486 4916 τῶν

1901 4960 2184 5033 ῥημάτων,
2228 4958 2397 5030 λύραν
2426 4957 2575 5011 καλῶ
2600 4954 2698 5028 τὴν
2735 4955 2925 5010 τούτου
2952 4958 3152 5028 φωνήν·
3175 4957 3304 5010 ὅταν
3338 4956 3396 5010 δὲ
3426 4957 3488 5010 τὸ

1899 5059 2126 5113 δυνατὸν
2185 5057 2295 5112 τῶν
2344 5057 2653 5128 νοημάτων,
2684 5054 2964 5123 σάλπιγγά
3011 5071 3134 5109 τινα
3163 5056 3485 5129 πολεμικήν,

1902 5156 1997 5212 καὶ
2023 5154 2281 5226 τοιαύτην
2300 5193 2314 5219 ,
2355 5154 2470 5208 οἵαν
2507 5149 2653 5223 εἶχον
2684 5152 2735 5206 οι
2780 5152 3040 5219 Ἰουδαῖοι,
3072 5153 3235 5224 ήνίκα
3272 5160 3341 5208 τά
3389 5155 3489 5224 τῆς

1912 5251 2123 5325 Ἰεριχὼ
2169 5252 2326 5323 τείχη
2379 5248 2699 5304 κατέϐαλον.
2736 5248 3006 5321 Καθάπερ
3030 5249 3140 5322 γὰρ
3165 5251 3286 5304 τότε
3325 5250 3491 5322 ήτῶν

1906 5351 2223 5419 σαλπίγγων
2243 5349 2373 5421 ἠχὴ,
2400 5348 2572 5419 πυρὸς
2603 5346 2958 5419 σφοδρότερον
2987 5351 3099 5412 τοῖς
3121 5347 3289 5412 λίθοις
3318 5365 3489 5420 προσ-

1905 5449 2202 5511 πίπτουσα,
2235 5446 2414 5499 πάντα
2460 5443 2719 5517 ἀνήλισκε
2756 5447 2851 5499 καὶ
2897 5445 3171 5500 ἐδαπάναο
3218 5445 3361 5499 οῦτω
3395 5449 3490 5500 καὶ⁹

223 5536 407 5610 οὗτός
440 5543 614 5597 ἐστιν
650 5546 848 5611 Ἠλίας
873 5547 907 5599 ό
944 5544 1184 5611 μέλλων
1217 5544 1519 5615 ἔρχεσθαι.
1554 5548 1665 5603 Καὶ
1690 5546 1797 5620 μὴν
1907 5547 1942 5618 ή
1979 5544 2169 5598 τούτου
2195 5543 2347 5614 φωνὴ
2377 5540 2497 5610 νῦν,
2516 5541 2616 5613 οὐχ
2641 5535 2804 5615 ἦττον
2826 5540 2924 5611 τῆς
2948 5539 3247 5609 σάλπιγγος
3274 5539 3489 5612 ἐκείνης

235 5636 481 5712 Ἰωάννης
525 5642 742 5711 ἐλέγετο
771 5659 784 5672 ·
827 5640 945 5695 ἀλλ’
978 5640 1166 5713 ἐπειδὴ
1226 5641 1405 5697 Ἠλίου
1455 5644 1545 5699 τὸν
1595 5645 1797 5715 τρόπον

549 5740 820 5806 Ρλτιιοι..
868 5742 988 5805 Gn.
1042 5740 1164 5803 LII.

1910 5645 2024 5706 τοῖς
2074 5641 2184 5696 τῶν
2236 5637 2530 5712 αίρετικῶν
2564 5635 2913 5710 ὀχυρώμασιν
2945 5634 3293 5707 ἐμπεσοῦσα,
3346 5635 3487 5706 λογι-

3099 5738 3177 5802 24
