3950 6430
200 366 297 436 ’ἶδῦ

201 492 295 541 que
317 474 383 528 de
409 473 570 545 hujus
590 473 767 545 lingua
806 472 1090 537 dicendum
1117 491 1130 528 :
1159 471 1335 542 lingua
1376 470 1544 528 [lucus
1568 471 1709 529 lacte
1732 481 1788 528 et

206 568 371 623 turllc.
402 567 471 623 Ut
517 568 677 638 igitur
700 573 754 621 et
780 566 916 621 lacte
937 566 1193 631 fruamur,
1226 573 1282 620 et
1320 564 1479 620 melle
1506 566 1786 633 saticmur,

206 662 282 727 lue
328 660 472 714 ﬁnita
513 660 756 714 oratione
782 670 983 720 nostra,
1009 659 1177 730 lyram
1204 668 1258 714 et
1283 659 1464 713 tubam
1485 658 1784 713 audiamus.

202 753 323 817 Cum
366 754 507 807 cnim
550 754 837 809 verborum
881 753 1194 807 suavitatem
1246 750 1565 815 considero,
1619 751 1788 823 lyram

205 846 312 910 eius
354 859 539 899 vocem
586 846 801 914 appello
835 863 848 899 :
880 844 967 899 ubi
1015 853 1192 899 autem
1234 844 1345 901 vim
1384 845 1783 916 cogitationum,

202 938 439 993 bellicam
462 939 748 1008 quamdam
772 938 951 993 tubam
978 952 1131 1003 voco,
1164 936 1375 1007 qualem
1405 937 1675 994 habebant
1693 937 1789 993 Ju-

201 1028 318 1096 dmi,
346 1043 468 1083 cum
496 1028 825 1084 Jerichuntis
849 1043 1033 1084 muros
1069 1028 1399 1099 deiecerunt.
1427 1029 1788 1096 Quemadmo-

201 1120 319 1191 dum
346 1121 489 1191 enim
518 1129 644 1186 tunc
684 1122 931 1187 tubarum
961 1135 1127 1191 sonus
1171 1124 1290 1193 igne
1335 1122 1704 1187 vehementius
1735 1121 1787 1176 in

203 1210 397 1283 lapides
423 1212 685 1278 incidens,
727 1213 909 1283 omnia
935 1215 1289 1286 qensumebat
1311 1224 1366 1279 et
1389 1213 1778 1284 labciactahat:

232 1331 637 1355 _._‘.._.__.__

222 1561 339 1619 quae
359 1555 489 1602 sunt
522 1546 783 1612 hominis,
814 1556 869 1603 et
892 1561 1115 1603 sensum
1138 1546 1423 1604 habentem
1464 1549 1792 1619 angelicum.

221 1637 290 1693 Et
303 1654 418 1708 p05!
431 1639 704 1710 aliquanta
717 1655 736 1693 :
754 1637 861 1694 Sed
879 1646 1216 1694 revertamur
1231 1638 1297 1693 ad
1320 1645 1610 1716 martyrem
1625 1641 1791 1713 istum

221 1729 453 1797 iterum,
496 1738 716 1800 propter
750 1744 912 1800 quem
959 1736 1015 1783 et
1060 1728 1162 1785 ista
1205 1728 1462 1787 diximus.
1506 1729 1791 1796 Quomodo

217 1821 399 1891 Itaque
427 1830 673 1876 mortuus
703 1830 784 1877 est
812 1820 1143 1875 mortiﬁcans
1171 1821 1415 1891 membra
1435 1810 1561 1894 sua,
1586 1830 1641 1877 et
1658 1836 1793 1891 con-

216 1913 443 1970 eulcans
469 1923 679 1968 naturae
702 1913 1024 1985 cupiditates
1067 1914 1123 1968 in
1168 1913 1409 1979 humano
1452 1929 1701 1980 corpore,
1737 1920 1794 1970 et

216 2004 517 2077 angelicam
538 2005 697 2061 nobis
722 2006 1105 2080 demonstrans
1125 2006 1327 2060 vitam?
1349 2003 1406 2059 Si
1430 2016 1611 2061 autem
1632 2006 1796 2062 vultis

216 2094 421 2165 videre,
442 2095 572 2166 quia
590 2105 644 2150 et
665 2097 842 2166 reipsa
865 2104 1111 2153 mortuus
1134 2107 1237 2157 est.
1262 2096 1624 2151 recordamini
1647 2096 1794 2153 illius

214 2188 502 2259 temporis,
533 2189 752 2258 quando
782 2188 982 2243 bellum
1015 2204 1269 2259 asperum
1303 2189 1567 2244 adversus
1602 2189 1793 2245 Eccle-

213 2278 350 2334 siam
376 2290 785 2345 exsurrexerat,
801 2289 852 2336 et
874 2281 1150 2337 exercitus
1170 2281 1548 2347 movebantur,
1567 2288 1622 2336 et
1638 2295 1792 2337 arma

216 2372 683 2442 praeparabantur,
713 2373 935 2444 quando
962 2382 1112 2429 trans
1139 2372 1400 2428 ﬂuvium'
1431 2386 1624 2429 omnes
1651 2386 1786 2428 con-

1304 356 1537 415 HOMlL.
1579 353 1651 414 1N
1687 354 2012 415 SANCTUM
2051 355 2343 433 PASCIIA.

3388 360 3493 434 vos

1894 472 1974 543 sic
2003 480 2059 540 et
2090 471 2207 543 ejus
2249 486 2353 527 vox
2400 487 2560 539 nunc,
2597 487 2710 544 non
2757 474 2931 537 minus
2955 488 3123 547 quam
3145 473 3278 535 tuba
3316 476 3409 537 illa
3439 478 3493 551 ip

1897 563 2271 625 haereticorum
2301 566 2629 622 munitiones
2671 568 2931 632 incidens,
2958 569 3236 623 ratiocinia
3263 569 3495 643 destruit

1894 666 1951 713 et
1975 671 2190 729 omnem
2218 656 2550 731 altitudinem
2576 674 2697 730 qua:
2721 676 2781 715 sc
2810 660 3018 715 extollit
3037 660 3295 718 adversus
3319 662 3493 730 scicn-

1895 749 2023 819 tiam
2070 748 2162 819 Dei
2191 748 2211 823 (
2230 750 2285 803 2.
2317 750 2435 803 Cor.
2464 750 2551 821 il).
2580 752 2662 821 5).
2702 751 2893 805 Verum
2922 761 3073 808 utne
3112 766 3214 827 per
3255 752 3495 825 linguam

1898 850 2159 919 nostram,
2205 840 2301 897 sed
2342 855 2438 913 per
2489 842 2655 913 ipsius
2718 842 2837 913 hrrc
2881 842 3156 911 cdiscatis,
3203 843 3291 915 hic
3330 845 3492 919 linem

1894 933 2083 1007 orandi
2132 932 2405 995 faciamus.
2447 934 2671 1007 gloriam
2729 936 3024 999 referentes
3074 934 3185 1006 Deo
3225 935 3316 1007 qui
3357 935 3493 998 tales

1895 1030 2144 1097 doctores
2170 1025 2397 1098 prmbuit
2425 1045 2437 1091 ;
2465 1028 2587 1100 quia
2630 1027 2727 1100 ipsi
2767 1028 2933 1098 gloria
2975 1028 3026 1099 in
3072 1028 3269 1107 sarcula
3314 1042 3490 1105 sate”:

1897 1125 2093 1197 lorum.
2140 1126 2332 1189 Amen,

1898 1545 2281 1619 gregabantur.
2310 1545 2466 1603 Tunc
2491 1549 2611 1623 ipse
2632 1548 2842 1615 exiens,
2873 1558 2928 1605 ct
2955 1551 3102 1605 velut
3132 1551 3300 1608 turris
3324 1561 3475 1612 ante.

1896 1640 2098 1711 posita,
2126 1640 2211 1707 vel
2242 1640 2499 1716 scopulus
2542 1642 2765 1710 quidam
2803 1642 2945 1698 altus
2977 1652 3032 1699 et
3076 1658 3307 1714 magnus
3342 1655 3473 1703 ante

1898 1729 2034 1799 alios
2062 1742 2234 1796 stans,
2262 1739 2317 1785 et
2343 1733 2742 1786 contrariorum
2768 1733 3073 1802 suscipiens
3090 1733 3285 1789 ﬂuctus
3309 1744 3363 1789 et
3385 1751 3473 1790 re—

1897 1824 2134 1890 solvens,
2162 1823 2218 1879 in
2262 1825 2651 1895 tranquillitate
2682 1835 2936 1881 caeterum
2982 1842 3182 1898 corpus
3217 1827 3475 1885 Ecclesia:

1895 1915 2220 2001 custodivit‘
2262 1917 2634 1987 repercutiens
2669 1925 3067 1994 tempestatem,
3110 1930 3165 1975 et
3208 1930 3473 1996 praestans

1895 2005 2054 2059 nobis
2085 2005 2329 2075 quietum
2358 2019 2596 2076 portum.
3205 2006 3213 2013 ’

1925 2259 1939 2270 _
1963 2199 1980 2231 ί
2005 2197 2085 2269 Sic
2096 2202 2151 2247 et
2166 2200 2218 2270 in
2230 2198 2464 2249 Oratione
2476 2199 2795 2270 praecedenti.
2814 2201 2869 2251 In
2891 2203 3045 2270 altera
3057 2200 3293 2253 videlicet
3313 2203 3476 2270 Oron-

1899 2260 1966 2311 tis
1988 2260 2114 2330 ri_pa_.
2137 2260 2222 2310 ubi
2243 2274 2301 2311 ea
2321 2274 2440 2330 pars
2463 2260 2602 2312 urbis
2621 2270 2878 2330 _era_t,quaa
2903 2265 3059 2330 Palaea
3078 2271 3168 2330 seu
3193 2268 3336 2330 vetus
3357 2261 3474 2316 urbs

1896 2321 2257 2393 appellabatur,
2284 2321 2504 2393 abierat
2527 2321 2747 2393 ecclesia
2775 2321 2933 2393 Palma
2964 2326 3085 2376 item
3120 2325 3348 2393 dicta._in
3375 2342 3473 2393 qua

1895 2383 2167 2434 convenire
2176 2383 2400 2451 solebant
2412 2383 2446 2455 ii
2457 2388 2541 2448 qui
2554 2385 2811 2438 Meletium
2822 2387 3107 2450 episcopum
3118 2383 3425 2452 sequebant'u
3433 2383 3471 2438 r'.

672 3084 781 3147 AD
817 3084 1199 3147 HOMILIAM
1236 3084 1321 3147 IN
1360 3082 1664 3147 PASCHA
1750 3082 1922 3158 QUIE
1958 3081 2310 3145 GENUINA
2348 3082 2530 3145 ESSE
2567 3083 3003 3167 PROBATUR.

224 3333 364 3405 locis
389 3337 841 3407 consarcinatum
877 3352 1034 3397 :non
1079 3340 1333 3412 cogitans
1370 3340 1828 3413 Chrysostomum
1866 3343 2060 3401 eadem
2108 3340 2231 3413 ipsa
2270 3356 2395 3413 quae
2430 3341 2645 3412 pridem
2688 3340 2903 3400 dixerat
2938 3354 3082 3411 saepe
3122 3347 3385 3412 repetere,
3405 3349 3465 3399 et

214 3452 513 3524 aliquando
548 3453 810 3510 homilias
834 3455 1082 3527 integras
1114 3467 1440 3517 retractatas
1480 3462 1818 3533 mutatisque
1844 3461 2019 3519 initiis
2056 3462 2127 3519 ad
2160 3462 2461 3523 conciones
2489 3460 2755 3527 adhibere
2779 3474 2932 3516 suas.
2965 3457 3084 3514 Non
3110 3458 3300 3514 dubito
3324 3470 3475 3515 certe

215 3572 355 3629 hanc
389 3572 683 3636 homiliam
715 3590 747 3630 a
769 3574 1162 3649 Chrysostomo
1192 3594 1321 3636 vere
1341 3579 1586 3636 habitam
1623 3580 1937 3650 dictamque
1963 3580 2156 3639 fuisse.
2195 3578 2339 3647 Cum
2380 3578 2528 3636 enim
2566 3576 2729 3635 annis
2767 3575 3069 3647 octodecim
3112 3575 3474 3649 concionatus

214 3692 303 3761 sit,
339 3703 670 3763 recurrente
690 3694 976 3756 Paschalis
1005 3698 1348 3755 solemnitate
1370 3701 1562 3756 eadem
1593 3700 1711 3771 ipsa
1741 3700 2037 3771 aliquando
2070 3699 2350 3771 repetierit
2372 3714 2389 3753 :
2413 3712 2593 3769 neque
2634 3697 2783 3754 enim
2813 3695 2870 3752 in
2896 3704 3151 3767 promptu
3188 3702 3273 3749 cst
3301 3690 3478 3758 cuivis

212 3812 620 3878 concionatori,
645 3814 741 3885 qui
766 3822 878 3870 tam
903 3815 1066 3886 longo
1093 3816 1357 3887 temporis
1386 3815 1663 3881 curriculo
1686 3817 1741 3891 in
1768 3815 2037 3893 Paschate
2062 3815 2362 3888 quotannis
2374 3812 2637 3880 oraverit,
2671 3825 2816 3870 nova
2841 3822 3059 3881 semper
3087 3807 3301 3881 eﬁ‘erre.
3329 3815 3383 3862 et
3408 3820 3481 3867 ex

211 3928 367 3998 prius
404 3930 581 3986 dictis
607 3929 742 3986 nihil
781 3946 1020 4002 unquam
1049 3931 1372 3992 admiscere.

280 4038 805 4112 interpretationem
842 4041 1096 4101 Latinam
1120 4059 1319 4119 novam
1343 4044 1759 4123 adornavimus,

217 4305 3459 4345 ww

924 4631 1052 4723 IN
1124 4628 1673 4727 SANCTUM
1744 4627 1888 4717 PA

1795 4874 1896 4887 ’.οε-ιι

245 5140 301 5194 Ι.
344 5137 503 5192 Mors
534 5133 671 5188 victa
704 5147 738 5185 a
776 5127 964 5185 Christi
991 5136 1215 5197 tempore
1237 5141 1339 5178 non
1358 5123 1497 5179 ultra
1519 5137 1655 5175 mors
1675 5163 1690 5187 ,
1715 5119 1804 5173 sed

173 5246 389 5293 summa
411 5238 463 5285 et
485 5224 736 5281 dormitio
758 5231 986 5277 vocatur.
1012 5248 1086 5260 —
1103 5218 1413 5288 Opportune
1434 5214 1595 5269 hodie
1617 5226 1805 5267 omnes

174 5335 300 5375 cum
332 5321 507 5377 beato
531 5315 739 5371 Davide
764 5315 1059 5369 clamemus
1093 5325 1107 5363 ε
1139 5309 1265 5375 Quis
1301 5306 1530 5376 loquetur
1556 5303 1805 5375 potentius

184 5410 420 5477 Domini,
452 5407 672 5463 auditas
700 5407 848 5478 faciet
890 5419 1062 5457 omnes
1100 5400 1277 5456 laudes
1324 5398 1434 5469 ejus
1472 5394 1652 5467 (Psal.
1677 5393 1803 5448 105.

180 5502 300 5574 i3)?
325 5504 481 5558 Ecce
506 5499 660 5553 enim
689 5497 903 5552 advenit
922 5494 1076 5549 nobis
1103 5491 1261 5546 hodie
1280 5488 1637 5574 desideratum
1668 5485 1807 5574 salu:

177 5570 407 5659 tarcquc
441 5586 654 5642 festum
680 5624 695 5647 ,
734 5582 850 5636 dies
876 5580 1127 5635 nimirum
1158 5572 1570 5632 resurrectionis
1597 5570 1804 5629 Domini

177 5682 351 5737 nostri
382 5680 525 5736 Jesu
553 5676 795 5739 Christi;
825 5673 971 5744 pacis
999 5678 1390 5742 argumentum,
1414 5664 1806 5721 reconciliatio-

182 5776 263 5835 nis
287 5786 482 5843 causa,
517 5781 654 5841 qua:
680 5767 816 5825 bella
848 5765 1095 5833 sustulit,
1124 5771 1351 5823 mortem
1383 5758 1659 5825 dissolvit,
1692 5756 1808 5825 dia—

1898 4625 2189 4717 SCHA
2298 4617 2791 4723 .CONCIO,

1911 5100 2093 5156 bolum
2126 5099 2430 5170 prostravit.
2464 5096 2633 5153 Hodie
2673 5094 2921 5151 homines
2957 5108 3079 5149 cum
3121 5094 3328 5165 angelis
3356 5109 3514 5153 com-

1910 5195 2064 5251 mixti
2103 5203 2248 5258 sunt,
2279 5201 2336 5248 et
2361 5192 2451 5264 qui
2481 5204 2709 5262 corpore
2737 5197 2865 5244 sunt
2889 5187 3080 5254 induti,
3106 5204 3229 5245 cum
3260 5189 3513 5258 incorpo-

1911 5290 2020 5344 reis
2046 5287 2399 5356 potestatibus
2429 5285 2658 5357 hymnos
2685 5281 3019 5353 persolvunt.
3060 5282 3229 5338 Hodie
3249 5283 3513 5338 evertitur

1913 5380 2107 5437 diaboli
2153 5381 2427 5452 tyrannis;
2480 5377 2637 5433 hodie
2682 5376 2888 5432 vincula
2931 5376 3121 5430 mortis
3162 5375 3335 5430 soluta
3361 5384 3508 5439 sunt,
3556 5417 3566 5427 .

1914 5475 2106 5531 inferni
2136 5472 2354 5529 victoria
2388 5471 2593 5527 sublata
2614 5480 2724 5532 est;
2754 5467 2915 5523 hodie
2940 5478 3237 5537 opportune
3264 5463 3508 5535 profera—

1915 5576 2002 5624 tur
2028 5564 2334 5637 prophetica
2364 5579 2466 5618 vox
2503 5563 2590 5617 illa
2620 5579 2632 5615 :
2667 5561 2766 5617 Ubi
2790 5570 2883 5626 est,
2910 5576 3068 5623 mors,
3091 5557 3326 5614 stimulus
3344 5567 3463 5610 tuus
3484 5557 3513 5611 1

1915 5659 2000 5715 ubi
2023 5702 2037 5726 ,
2080 5658 2313 5727 inferne,
2356 5653 2566 5709 victoria
2609 5662 2696 5707 tua
2738 5650 2907 5722 (Osca:
2932 5651 3017 5705 15.
3053 5650 3152 5713 ii;
3187 5650 3235 5701 i.
3266 5646 3386 5701 Cor.
3417 5646 3509 5703 i5.

1915 5754 2061 5827 55)?
2105 5753 2272 5808 Hodie
2313 5756 2494 5821 portas
2530 5758 2698 5801 aereas
2736 5740 2996 5810 confregit.
3041 5739 3294 5813 Dominus
3330 5747 3513 5814 noster
