4044 6422
569 373 672 430 767

562 490 846 556 Christus,
894 489 1167 560 ipsamque
1212 488 1397 542 mortis
1441 501 1723 556 personam
1761 484 1978 539 delevit.
2020 481 2158 549 Quid

564 582 687 637 dico
713 580 1037 653 personam?
1068 581 1234 653 Ipsius
1253 595 1463 650 quoque
1485 593 1677 633 nomen
1702 579 1923 632 mutavit
1949 595 1961 632 :
1988 591 2161 645 neque

565 675 708 729 enim
728 676 862 730 ultra
885 686 1028 728 mors
1049 682 1289 736 vocatur,
1313 672 1406 727 sed
1432 672 1684 726 dormitio
1708 680 1759 726 et
1785 685 2006 725 somnus
2034 667 2111 740 (ιι)
2142 687 2156 723 :

566 766 829 836 siquidem
872 773 995 819 ante
1023 763 1218 819 Christi
1250 763 1534 818 adventum
1560 806 1573 829 ,
1622 763 1903 831 crucisque
1938 776 2157 816 oecono-

564 859 748 925 miam,
796 859 966 928 ipsqu
1011 871 1222 928 quoque
1267 858 1454 911 mortis
1499 871 1691 911 nomen
1739 855 1978 910 terribile
2020 863 2155 909 erat.

561 949 719 1003 Certe
748 949 949 1019 primus
972 948 1135 1003 homo
1161 949 1338 1018 magni
1365 948 1609 1019 supplicii
1647 948 1764 1002 loco
1792 947 1928 1001 hanc
1956 946 2159 1000 audivit

560 1039 883 1095 sententiam
928 1058 942 1095 :
994 1040 1322 1111 Quacumque
1360 1041 1443 1095 die
1482 1042 1793 1108 comederis,
1843 1051 2003 1094 morte
2047 1058 2158 1094 mo-

559 1133 708 1187 rieris
749 1131 901 1206 (Gen.
936 1134 992 1188 2.
1032 1134 1144 1205 17).
1184 1133 1321 1200 Quin
1349 1144 1399 1188 et
1426 1133 1614 1188 beatus
1640 1132 1741 1187 Job
1771 1131 1906 1186 hanc
1943 1133 2034 1187 illo
2061 1148 2157 1186 no-

562 1224 706 1279 mine
750 1224 1077 1295 appellavit:
1115 1224 1256 1278 Mors
1299 1225 1406 1278 viro
1444 1224 1640 1296 requies
1680 1221 1805 1294 (Job
1853 1225 1906 1280 5.
1936 1224 2048 1294 25).
2093 1225 2158 1278 Et

564 1316 822 1389 propheta
864 1315 1026 1372 David
1072 1317 1281 1373 dicebat
1326 1335 1339 1370 :
1385 1314 1530 1371 Mors
1578 1326 1895 1384 peccatorum
1942 1317 2156 1388 pessimo

564 1404 735 1477 (Psal.
765 1407 989 1476 33.22).
1019 1407 1134 1463 Non
1172 1408 1332 1463 modo
1366 1409 1557 1462 animzc
1597 1409 1825 1463 divulsio
1862 1425 1891 1463 a
1929 1424 2156 1479 corpore

563 1511 710 1551 mors
738 1498 1054 1563 vocabatur;
1101 1499 1209 1553 itno
1245 1497 1402 1552 etiam
1430 1497 1686 1553 infernus.
1719 1498 1855 1553 Audi
1884 1501 2026 1554 enim
2056 1514 2153 1571 pa-

565 1591 852 1647 triarcham
908 1592 1075 1648 Jacob
1143 1594 1406 1649 dicentem
1464 1611 1477 1646 :
1532 1592 1800 1648 Deducetis
1853 1605 2154 1648 senectutem

562 1699 726 1736 meam
752 1700 867 1737 cum
892 1682 1068 1739 dolore
1086 1686 1154 1738 ad
1175 1685 1363 1755 inferos
1392 1684 1541 1756 (Gen.
1571 1685 1661 1740 42.
1692 1686 1813 1755 '58);
1844 1694 1897 1738 et
1924 1684 2155 1755 prophe-

566 1784 672 1827 tam
714 1790 927 1844 quoque
956 1793 968 1828 :
995 1773 1239 1847 Infernus
1265 1775 1496 1830 dilatavit
1538 1792 1595 1830 os
1636 1793 1781 1831 suum
1810 1774 1910 1848 (Is.
1939 1776 1993 1831 5.
2024 1777 2150 1848 14);

561 1865 697 1920 alius
720 1867 843 1921 item
867 1868 1122 1938 propheta
1146 1884 1161 1922 :
1186 1866 1385 1938 Eripiet
1406 1884 1482 1923 me
1506 1871 1569 1922 de
1588 1869 1703 1923 lacu
1723 1868 1949 1936 inferiari
1976 1868 2148 1939 (Psal.

559 1958 650 2013 85.
679 1955 798 2031 15);
829 1959 881 2013 in
913 1959 1199 2030 multisque
1225 1960 1434 2016 Veteris
1459 1960 1791 2016 Testamenti
1818 1961 1951 2016 locis
1980 1971 2154 2017 trans-

562 2052 692 2106 itum
720 2067 787 2107 ex
815 2052 913 2107 hac
940 2053 1065 2119 vita,
1095 2062 1322 2108 mortem
1367 2062 1420 2109 et
1461 2052 1727 2108 infernum
1752 2054 1928 2108 vocari
1956 2053 2151 2123 depre-

561 2143 780 2199 hendcs.
813 2143 1078 2211 Quoniam
1107 2160 1237 2202 vero
1265 2144 1510 2201 Christus
1540 2146 1677 2201 Deus
1699 2154 1881 2201 noster
1902 2146 1954 2201 in
1985 2146 2152 2201 sacri-

564 2236 739 2292 ficium
771 2237 984 2293 oblatus
1021 2247 1104 2294 est
1135 2247 1191 2294 et
1227 2240 1552 2295 resurrectio
1576 2250 1903 2310 consequuta
1929 2248 2030 2303 est,
2062 2239 2150 2294 illa

560 2328 773 2381 nomina
805 2329 1064 2400 benignus
1098 2329 1351 2385 Dominus
1379 2330 1618 2398 sustulit,
1649 2346 1953 2401 novumque
1979 2339 2034 2385 et
2059 2346 2153 2385 ex-

557 2428 800 2475 traneum
826 2422 1035 2476 vivendi
1065 2422 1363 2477 institutum
1395 2424 1446 2477 in
1480 2422 1733 2477 nnmdum
1762 2423 1999 2486 induxit;
2033 2424 2150 2478 exi-

557 2521 643 2565 tus
665 2527 727 2566 ex
759 2512 857 2567 hac
883 2515 986 2567 vita
1007 2514 1116 2584 jam
1143 2529 1247 2569 non
1276 2528 1441 2578 mors,
1465 2514 1559 2568 sed
1588 2514 1837 2569 dormitia
1857 2525 1912 2570 et
1933 2531 2151 2572 somnus

558 2616 798 2660 vocatur.
847 2606 1121 2662 Undenam
1155 2606 1255 2661 hoc
1285 2605 1488 2676 liquet?
1518 2607 1652 2662 Audi
1676 2605 1941 2662 Christum
1965 2608 2149 2663 dicen-

556 2707 663 2756 tem
686 2714 700 2753 :
725 2698 949 2771 Lazarus
969 2701 1160 2755 amicus
1184 2710 1349 2755 noster
1368 2701 1571 2765 dormit,
1589 2701 1677 2756 sed
1697 2701 1824 2756 uado
1846 2712 1901 2756 ut
1918 2719 1952 2755 a
1971 2719 2149 2758 somno

552 2792 785 2846 suscitem
828 2810 941 2847 eum
987 2792 1296 2862 (JoanJi.
1329 2794 1457 2866 11).
1496 2793 1953 2862 Quemadmodum
2001 2796 2146 2851 enim

555 2883 709 2938 facile
730 2884 884 2940 nobis
901 2893 983 2940 est
997 2884 1350 2942 dormientem
1374 2885 1778 2958 expergefaccre
1797 2897 1851 2943 et
1870 2887 2110 2944 excitare
2130 2905 2145 2942 :

554 2974 636 3031 sic
661 2984 709 3029 et
739 2977 1008 3031 communi
1036 2979 1272 3033 omnium
1302 2977 1528 3032 Domino
1555 2994 1583 3032 a
1611 2980 1838 3033 mortuis
1865 2981 2143 3035 suscitare.

556 3065 689 3131 Quia
713 3081 839 3120 vero
859 3080 1054 3123 novum
1077 3079 1499 3139 extranenmque
1519 3078 1636 3124 erat
1663 3069 1739 3137 id,
1763 3070 1905 3140 quod
1935 3072 2003 3127 ab
2029 3071 2146 3141 ipso

555 3158 754 3211 dictum
781 3157 974 3226 fuerat,
1007 3173 1179 3229 neque
1222 3160 1322 3229 ipsi
1367 3160 1611 3229 discipuli
1641 3160 1837 3216 dictum
1866 3162 2144 3216 intellexe—

552 3257 701 3315 runt,
724 3248 896 3304 dooec
931 3249 999 3304 ad
1037 3249 1247 3304 illorum
1279 3250 1641 3305 inﬁrmitatem
1672 3268 1733 3304 se
1754 3251 2060 3317 demittens,
2093 3251 2143 3306 id

551 3338 751 3394 clarius
783 3339 1007 3397 diceret.
1051 3340 1362 3397 Communis
1398 3357 1528 3396 vero
1552 3341 1699 3397 orbis
1735 3342 1922 3397 doctor
1961 3343 2145 3396 lieatus

553 3433 751 3489 Paulus
796 3433 862 3489 ad
909 3434 1416 3491 Thessalonicenses
1457 3435 1700 3491 scribens
1742 3436 1858 3490 ait:
1891 3434 2030 3489 Nolo
2059 3452 2145 3491 vos

520 3536 525 3541 ‘
548 3526 787 3597 ignorare
810 3527 874 3580 de
896 3526 1277 3590 dormientibus,
1310 3536 1366 3579 ut
1402 3543 1503 3580 non
1535 3527 1915 3589 contristemini,
1940 3527 2068 3581 sicut
2094 3538 2143 3581 et

546 3618 716 3672 creteri
736 3617 824 3687 qui
845 3634 985 3689 spem
1008 3635 1109 3672 non
1130 3618 1310 3672 habent
1335 3620 1414 3686 (1.
1440 3617 1617 3674 Thess.
1640 3620 1692 3674 4.
1719 3618 1828 3689 12).
1865 3618 1930 3674 Et
1955 3636 2141 3676 rursus

547 3709 672 3764 alibi
708 3727 721 3761 :
755 3708 894 3781 Ergo
937 3710 1025 3778 qui
1069 3710 1382 3765 dormierunt
1424 3711 1478 3764 in
1520 3709 1754 3778 Christo,
1782 3712 2036 3781 perierunt
2063 3712 2138 3782 (1.

552 3800 674 3854 Cor.
700 3800 787 3856 15.
821 3801 934 3873 18).
965 3802 1030 3855 Ει
1054 3803 1246 3866 iterum
1276 3819 1289 3857 :
1325 3800 1438 3857 Nos
1460 3803 1546 3872 qui
1571 3803 1798 3871 vivimus,
1829 3805 1916 3874 qui
1950 3803 2142 3859 residui

548 3909 744 3955 sumus,
778 3909 878 3947 non
916 3893 1276 3960 prameniemus
1300 3911 1384 3949 eos
1403 3896 1489 3965 qui
1513 3894 1824 3949 dormierunt
1846 3895 1923 3968 (1.
1951 3895 2138 3951 Thess.

549 3988 604 4040 4.
630 3987 737 4056 14).
771 3986 837 4041 Et
864 3986 990 4041 alibi
1018 4002 1226 4041 rursum
1258 4004 1272 4042 :
1302 3986 1361 4041 Si
1387 3987 1521 4041 enim
1541 3989 1811 4056 credimus,
1832 3988 1969 4057 quod
1988 3986 2025 4041 J
2029 4005 2139 4043 esus

549 4088 775 4132 mortuus
793 4086 865 4133 est
882 4086 928 4133 et
949 4079 1241 4144 resurrexit,
1265 4079 1337 4132 ita
1364 4088 1410 4133 et
1436 4078 1573 4134 Deus
1591 4098 1677 4136 eos
1696 4081 1781 4152 qui
1801 4080 2135 4147 dormierunt,

545 4169 763 4222 adducet
792 4184 907 4222 cum
934 4184 991 4222 eo
1012 4166 1126 4241 (Ib.
1154 4185 1203 4223 υ.
1234 4169 1345 4238 15).

595 4260 675 4316 .Ξ.
707 4259 910 4316 Videtis
950 4272 1181 4317 mortem
1216 4262 1418 4333 passim
1448 4263 1622 4318 vocari
1664 4261 2038 4321 dorntilionem
2080 4273 2135 4321 et

544 4368 816 4420 somnum,
844 4360 900 4408 et
927 4368 1046 4408 eam
1075 4369 1194 4424 quae
1223 4362 1376 4409 antea
1409 4355 1660 4409 terribilis
1686 4366 1820 4419 erat,
1850 4372 1991 4411 nunc
2015 4366 2136 4427 post

547 4445 999 4501 resurrectionem
1047 4445 1200 4501 facile
1241 4447 1549 4501 contemni?
1593 4447 1755 4502 Vides
1798 4448 2136 4518 splendidunt

546 4539 955 4596 resurrectionis
998 4541 1302 4609 tropaaum?
1350 4541 1454 4596 Per
1494 4542 1630 4596 hanc
1672 4543 1814 4597 enim
1860 4544 2136 4598 innumera

550 4630 703 4685 nobis
731 4630 867 4686 bona
893 4631 1231 4703 obtigerunt;
1266 4648 1368 4703 per
1404 4632 1544 4689 hanc
1584 4634 1888 4691 daemonum
1931 4636 2136 4693 fallacia

546 4724 720 4778 soluta
753 4733 864 4788 est;
915 4737 1012 4793 per
1056 4722 1194 4780 hanc
1232 4733 1459 4780 mortem
1505 4725 1817 4791 irridentus;
1861 4741 1956 4796 per
1999 4726 2137 4781 hanc

552 4821 867 4881 praesentem
896 4815 1058 4869 vitam
1085 4814 1493 4879 contemnimus,
1524 4831 1620 4884 per
1650 4816 1788 4872 hanc
1810 4818 1876 4871 ad
1929 4816 2135 4873 futuro-

548 4917 665 4956 rum
685 4901 1006 4958 desiderium
1027 4905 1348 4971 excitamur;
1378 4921 1473 4975 per
1499 4906 1636 4961 hanc
1652 4906 1776 4962 licet
1799 4922 2024 4977 corpore
2049 4909 2136 4962 in-

546 4993 796 5059 dnamur,
822 4992 987 5048 nihilo
1017 4993 1269 5050 inferiore
1296 4995 1602 5050 conditione
1630 5012 1834 5066 sumus,
1864 5013 2021 5068 quam
2052 4999 2135 5053 in-

542 5099 825 5156 corporea,
847 5086 892 5139 si
914 5097 1091 5142 tamen
1109 5087 1354 5144 velimus.
1378 5087 1548 5142 Hodie
1570 5091 1878 5156 prmclarum
1901 5090 2137 5145 victoria:

543 5174 875 5247 triumphum
911 5177 1116 5247 agimus
1148 5196 1161 5231 :
1191 5179 1350 5234 hodie
1391 5180 1647 5235 Dominus
1694 5191 1895 5248 noster,
1933 5191 2137 5252 tropaeo

545 5282 733 5326 contra
760 5277 986 5324 mortem
1010 5280 1191 5326 erecto
1208 5313 1224 5339 ,
1257 5273 1642 5344 tyrannideque
1666 5272 1863 5328 diaboli
1892 5274 2092 5329 calcata
2115 5315 2134 5343 ,

546 5376 644 5429 per
679 5360 1125 5417 resurrectionem
1154 5363 1293 5417 viam
1328 5364 1482 5419 nobis
1518 5363 1586 5419 ad
1624 5365 1848 5421 Salutem
1890 5366 2133 5421 munivit.

547 5455 749 5510 Omnes
793 5453 1017 5524 proinde
1058 5454 1419 5525 gaudeamus,
1447 5456 1774 5512 exsultemus
1792 5466 1849 5512 et
1873 5457 2134 5513 hetemur.

487 5566 498 5576 -
545 5546 678 5603 Nam
699 5547 803 5604 etsi
825 5544 1080 5602 Dominus
1099 5545 1215 5616 ipse
1233 5546 1306 5601 sit
1324 5547 1414 5617 qui
1433 5548 1560 5602 vicit
1582 5556 1638 5604 et
1664 5558 1919 5618 tropaL-um
1939 5551 2135 5612 erexit,

545 5639 846 5696 communis
868 5648 1046 5693 tamen
1070 5638 1273 5706 lmtitia,
1293 5653 1580 5695 commune
1598 5641 1846 5710 gaudium
1868 5652 1971 5697 est.
2005 5641 2136 5697 Nam

549 5742 768 5802 propter
803 5740 1040 5787 nostram
1088 5733 1312 5787 salutem
1357 5732 1536 5787 omnia
1578 5732 1704 5788 fecit
1736 5752 1749 5785 :
1782 5742 1838 5787 ct
1884 5746 1979 5801 per
2018 5749 2139 5803 qua:

596 5822 672 5886 (α)
694 5822 808 5872 ttae
820 5822 992 5873 iisdem
1012 5835 1144 5885 pene
1163 5824 1329 5874 Verbis
1348 5824 1505 5874 babes
1525 5837 1672 5886 supra
1693 5832 1823 5876 Tom.
1842 5824 1893 5886 2,
1913 5825 2007 5874 col.
2022 5825 2134 5877 395.

1346 373 1402 429 S.
1446 370 1722 428 JOANNlS
1758 365 2237 428 CHRYSOS‘I'OMI
2282 368 2602 429 ARCHIEP.
2646 373 3184 435 CONSTANTINOP.
3699 390 3777 444 763

2269 480 2511 536 diabolus
2539 499 2637 540 nos
2666 490 2990 558 exungnavit
3009 532 3023 557 ,
3063 508 3158 560 per
3186 509 3247 548 ea
3274 492 3383 565 ipsa
3410 494 3629 552 Christus
3650 500 3781 568 ignita

2266 576 2555 641 Superavit.
2588 575 2664 631 Ea
2694 578 2805 647 ipsa
2832 595 2979 635 arma
3002 586 3223 654 accepit,
3251 603 3314 642 ac
3343 604 3435 658 per
3457 591 3624 647 eadem
3650 593 3784 664 ipsum

2265 667 2551 732 prostravit
2577 686 2591 723 :
2614 670 2883 738 quomodo
2910 682 3084 728 autent
3110 717 3126 741 ,
3167 679 3310 733 audi.
3352 679 3529 751 Vingo,
3558 683 3726 753 lignum
3746 696 3786 741 et

2267 768 2412 807 mors
2438 765 2636 811 nostrae
2657 759 2829 815 cladis
2856 762 3097 832 symbola
3127 777 3297 821 erant.
3332 767 3530 825 Etenim
3554 772 3679 842 virgo
3699 786 3787 829 erat

2266 846 2374 901 Eva
2416 866 2429 901 :
2465 851 2697 906 nondum
2741 854 2885 908 enim
2925 856 3095 910 virum
3138 871 3373 925 noverat,
3399 862 3595 931 quando
3611 865 3789 921 seducta

2263 947 2378 1004 est;
2417 939 2615 1011 lignum
2643 955 2760 998 erat
2796 945 2991 1007 arbor;
3036 963 3183 1004 mors
3210 952 3516 1023 supplicium
3542 954 3603 1008 de
3626 955 3788 1010 Adamn

2262 1043 2552 1101 sumptum.
2581 1032 2765 1089 Viden'
2793 1038 3064 1106 quomodo
3083 1041 3253 1111 virgo,
3279 1042 3469 1112 lignum
3491 1054 3541 1099 et
3564 1062 3690 1101 mors
3710 1050 3790 1102 cla-

2263 1120 2345 1176 dis
2376 1124 2527 1179 nobis
2554 1126 2795 1198 symbola
2822 1128 3049 1184 fuerint?
3080 1131 3197 1187 Jam
3229 1135 3348 1189 vide
3366 1137 3616 1205 quomodo
3641 1139 3789 1194 eadem

2265 1213 2375 1281 ipsa
2411 1216 2567 1271 nobis
2593 1218 2828 1274 victoria:
2856 1236 3013 1276 causa
3044 1224 3169 1278 sint.
3217 1226 3321 1281 Pro
3365 1229 3467 1282 ilva
3510 1228 3684 1296 Maria;
3719 1248 3793 1300 pro

2264 1304 2406 1374 ligno
2432 1308 2667 1363 scientiae
2691 1310 2817 1365 boni
2847 1322 2902 1367 et
2927 1313 3070 1381 mali,
3096 1315 3293 1385 lignum
3323 1320 3525 1384 crucis;
3554 1337 3641 1389 pro
3658 1335 3791 1375 morte

2263 1397 2470 1462 Adatni,
2506 1414 2651 1453 mors
2689 1401 2918 1457 Domini.
2959 1403 3145 1460 Viden‘
3175 1422 3298 1463 eum
3345 1411 3527 1465 iisdem
3568 1414 3708 1465 armis
3734 1414 3794 1467 vi-

2260 1488 2420 1554 cisse,
2455 1500 2508 1545 et
2537 1491 2722 1548 iisdem
2749 1494 3082 1565 profligatum
3113 1499 3267 1555 esse?
3313 1501 3414 1555 Per
3440 1504 3623 1571 lignum
3644 1504 3793 1558 diabo-

2262 1577 2343 1632 lus
2364 1580 2564 1636 vicemt
2587 1582 2869 1650 Adamum,
2902 1601 2996 1655 per
3034 1602 3250 1643 crucem
3288 1590 3529 1646 Christus
3570 1594 3792 1648 diabolum

2261 1667 2562 1726 debellavit.
2593 1672 2659 1727 Et
2687 1674 2811 1730 illud
2839 1677 3052 1746 quidem
3068 1678 3134 1733 ad
3155 1679 3417 1736 infernum
3443 1684 3695 1747 mittebat;
3716 1686 3793 1740 hoc

2257 1772 2439 1818 autem
2461 1767 2634 1821 crucis
2665 1767 2863 1838 lignum
2894 1770 3171 1827 defunctos
3188 1789 3256 1828 ex
3289 1775 3496 1833 inferno
3523 1778 3792 1833 reducebat:

2262 1858 2391 1913 illud
2430 1861 2579 1930 quasi
2614 1863 2881 1931 captivum
2916 1872 2972 1919 et
3010 1867 3210 1921 nudum
3253 1883 3377 1923 eum
3415 1871 3505 1940 qui
3549 1879 3795 1941 prostratus

2260 1949 2431 2006 fuerat
2450 1952 2766 2024 obtegebat;
2810 1955 2912 2011 hoc
2938 1968 3117 2013 autem
3147 1960 3404 2017 victorem
3432 1963 3621 2019 nudum
3644 1966 3689 2019 in
3714 1966 3795 2017 alto

2260 2041 2490 2096 deﬁxum
2529 2045 2777 2102 omnibus
2810 2048 3148 2106 osmndebat.
3195 2051 3265 2107 Et
3304 2070 3453 2110 mors
3496 2057 3578 2111 illa
3618 2058 3793 2127 quidem

2259 2133 2404 2202 prior
2427 2149 2615 2191 omnes
2644 2137 2695 2192 in
2722 2139 3117 2198 damnationem
3147 2143 3421 2213 trahebat;
3449 2146 3561 2202 hate
3587 2164 3701 2203 vero
3723 2164 3796 2217 po-

2258 2225 2453 2280 sterior
2489 2228 2649 2282 etiam
2694 2244 2810 2297 eos,
2854 2233 2943 2302 qui
2984 2242 3108 2289 ante
3150 2251 3210 2290 se
3251 2236 3493 2305 fuerant,
3536 2240 3796 2295 suscitabat.

2262 2316 2388 2383 Quis
2432 2320 2661 2389 loquetur
2693 2327 2941 2393 potentias
2979 2325 3207 2394 Domini,
3236 2330 3445 2386 auditas
3484 2333 3625 2404 faciet
3663 2348 3798 2386 omnes

2256 2412 2432 2465 laudes
2467 2414 2576 2484 ejus
2611 2413 2782 2488 (Ρδαι.
2813 2417 2933 2472 105.
2961 2418 3060 2486 2)?
3103 2419 3206 2475 Per
3243 2435 3477 2481 mortem
3520 2423 3797 2478 immortales

2257 2504 2376 2557 facti
2405 2519 2609 2574 sumus,
2637 2522 2734 2576 per
2759 2509 2965 2580 lapsum
3006 2514 3362 2582 surreximus,
3404 2530 3501 2586 per
3526 2516 3713 2572 cladem
3734 2515 3795 2568 vi-

2255 2605 2431 2653 ctores
2462 2600 2682 2656 titinius.

2325 2690 2378 2744 ὅ.
2429 2691 2554 2747 Haec
2582 2694 2757 2749 crucis
2784 2696 3039 2765 praeclara
3064 2711 3250 2766 opera,
3290 2700 3411 2757 lucc
3439 2704 3706 2757 maximum
3731 2716 3797 2765 re:

2254 2785 2601 2842 snrrectionis
2653 2776 3046 2858 argumentum.
3089 2791 3260 2848 Hodie
3297 2797 3475 2865 angeli
3512 2797 3691 2850 choros
3720 2795 3795 2848 duo

2250 2885 2401 2939 cunt,
2422 2889 2609 2932 omnes
2634 2879 2877 2935 cailestes
2907 2882 3131 2939 virtutes
3155 2885 3445 2951 exsultant,
3463 2886 3800 2957 gaudentesde

2252 2968 2521 3022 communi
2559 2968 2731 3024 salute
2767 2970 3041 3028 hominum
3080 2976 3312 3044 generis.
3355 2975 3492 3033 Nam
3533 2979 3576 3033 si
3615 2979 3677 3033 de
3714 2991 3800 3031 uno

2255 3066 2533 3125 peccatore
2561 3061 2926 3129 penitentiam
2950 3074 3140 3134 agente
3161 3066 3418 3137 gaudium
3443 3078 3526 3124 est
3547 3070 3597 3125 in
3623 3068 3737 3124 ca'lo
3756 3075 3799 3121 et

2253 3147 2305 3202 in
2339 3157 2476 3204 terra
2508 3149 2661 3221 (Luc.
2690 3154 2777 3209 15.
2808 3155 2883 3226 7),
2915 3158 3084 3213 multo
3108 3159 3275 3229 magis
3311 3158 3381 3214 de
3426 3160 3595 3215 salute
3631 3159 3797 3215 mundi.

2254 3241 2424 3297 Hodie
2452 3243 2736 3301 humanam
2762 3258 3024 3316 naturam,
3053 3265 3084 3304 a
3110 3250 3306 3307 diaboli
3333 3254 3613 3325 tyrannide
3638 3253 3795 3307 liben-

2253 3343 2382 3401 tam,
2407 3337 2472 3390 ad
2502 3339 2731 3406 priorem
2755 3337 3081 3397 nobilitatem
3103 3342 3333 3399 reduxit.
3360 3344 3500 3400 Cum
3522 3346 3659 3403 enim
3677 3343 3797 3398 video

2252 3425 2510 3494 primitias
2532 3443 2684 3497 meas
2720 3430 2799 3486 de.
2828 3440 3000 3487 morte
3031 3432 3307 3490 victoriam
3335 3439 3607 3501 retulisse,
3632 3451 3723 3492 non
3746 3435 3798 3489 ti-

2251 3532 2404 3585 meo,
2438 3536 2543 3574 nou
2582 3519 2777 3577 horreo
2807 3522 3040 3591 bellum;
3074 3541 3247 3596 neque
3272 3527 3637 3585 inﬁrmitatem
3662 3543 3800 3585 mean

2248 3608 2553 3677 considero,
2582 3611 2675 3667 sed
2707 3613 3021 3670 immensam
3049 3618 3299 3672 virtutem
3329 3635 3431 3689 pro
3462 3637 3549 3676 me
3577 3630 3798 3691 pugnatu-

2248 3714 2364 3773 ram
2389 3702 2640 3772 respicio.
2667 3703 2798 3760 Nam
2820 3707 2909 3777 qui
2937 3709 3125 3764 mortis
3151 3712 3493 3782 tyrannidem
3522 3714 3719 3779 devicit,
3745 3721 3802 3763 to-

2249 3803 2465 3864 tamque
2491 3793 2635 3852 illius
2662 3796 2768 3852 vim
2796 3799 3030 3864 sustulit,
3058 3800 3187 3871 quid
3213 3803 3267 3856 in
3296 3816 3578 3872 posterum
3618 3819 3713 3859 non
3745 3806 3802 3855 ta-

2247 3897 2430 3942 cturus
2455 3898 2538 3943 est
2562 3905 2658 3960 pro
2681 3905 2876 3961 genere
2899 3907 3017 3959 suo,
3046 3894 3197 3965 cujus
3222 3894 3450 3952 formam
3477 3898 3550 3954 ob
3573 3900 3803 3970 ingentem

2248 3980 2585 4039 clementiam
2624 3997 2775 4037 suam
2817 3985 3063 4056 accipere
3099 3987 3343 4056 dignatus
3370 3999 3489 4057 est,
3518 4000 3572 4046 et
3598 4006 3686 4059 per
3709 4002 3800 4043 eam

2247 4080 2430 4127 contra
2459 4072 2728 4129 diabolum
2753 4076 2809 4130 in
2836 4091 3055 4132 arenam
3084 4077 3396 4134 descendit?
3445 4081 3615 4137 Hodie
3647 4081 3805 4147 ubique

2248 4171 2511 4218 terrarum
2537 4165 2788 4235 gaudium
2818 4176 2874 4223 et
2908 4167 3089 4223 laetitia
3117 4179 3199 4223 est
3225 4170 3527 4239 spiritualis
3545 4172 3638 4244 (α).
3667 4169 3804 4224 Hodie

2245 4265 2302 4312 et
2318 4256 2626 4328 angelorum
2651 4269 2839 4326 cretus,
2870 4269 2924 4317 ct
2942 4262 3180 4318 onmium
3205 4278 3563 4341 superstat-um
3587 4267 3804 4321 virtutum

2246 4349 2444 4405 chorus
2486 4362 2702 4424 propter
2743 4351 3018 4408 hominum
3063 4354 3286 4409 salutem
3313 4358 3611 4412 exsultant.
3654 4353 3804 4423 Cogit:

2248 4443 2426 4515 igitur,
2473 4445 2698 4512 dilecte,
2740 4445 2916 4515 gaudii
2956 4447 3369 4517 magnitudinem
3393 4490 3409 4511 ,
3455 4448 3699 4520 quoniam
3737 4460 3807 4499 su-

2248 4553 2428 4608 perna:
2475 4554 2686 4609 quoque
2735 4548 3023 4608 potestates
3071 4539 3264 4595 festum
3306 4542 3595 4598 nobiscum
3634 4547 3801 4611 agunt:

2247 4630 2583 4702 congaudent
2605 4629 2800 4701 quippe
2824 4631 3022 4687 nostris
3043 4629 3219 4687 bonis.
3249 4632 3478 4689 Etiamsi
3503 4634 3645 4690 enim
3670 4636 3802 4702 gratia

2246 4721 2337 4775 illa
2383 4721 2590 4776 Domini
2638 4737 2735 4777 nos
2783 4724 2999 4794 proprie
3042 4725 3312 4794 respiciat,
3343 4725 3396 4781 in
3423 4737 3631 4796 partem
3659 4736 3801 4779 tamen

2245 4813 2421 4883 gaudii
2462 4813 2539 4868 illi
2575 4813 2816 4870 veniunt.
2860 4814 3218 4883 Quamobrem
3248 4831 3354 4871 non
3386 4819 3711 4874 erubescunt
3732 4827 3807 4867 nor

2249 4908 2453 4964 hiscum
2480 4907 2674 4964 festum
2695 4907 2988 4964 celebrare.
3022 4906 3090 4963 Et
3111 4907 3238 4978 quid
3257 4907 3401 4976 dico,
3426 4923 3713 4965 conservos
3733 4918 3804 4959 no-

2245 5009 2385 5056 stros
2415 5015 2520 5055 non
2554 5000 2871 5056 erubescere
2897 5000 3171 5056 nobiscum
3198 4998 3391 5056 festum
3420 4999 3730 5058 celebrare?
3747 4993 3801 5052 Nc

2246 5092 2504 5147 Dominus
2527 5091 2740 5162 quidem
2768 5101 2952 5147 noster
2974 5100 3029 5147 ct
3053 5106 3240 5147 eorum
3270 5091 3507 5162 idipsum
3531 5107 3688 5164 agere
3710 5103 3801 5144 eru-

2246 5184 2435 5240 bescit.
2477 5183 2613 5252 Quid
2639 5183 2789 5251 dico,
2821 5199 2925 5237 non
2954 5183 3253 5239 erubescit?
3294 5183 3474 5239 Etiam
3515 5177 3812 5253 concupiscit

2247 5276 2526 5330 nobiscum
2550 5276 2741 5330 festum
2768 5275 3058 5331 celebrare.
3092 5274 3365 5331 Undeuatn
3388 5276 3447 5331 id
3473 5276 3676 5348 liquet?
3698 5267 3811 5327 Audi

2247 5368 2419 5437 ipsum
2446 5367 2712 5422 dicentem
2739 5385 2751 5421 :
2777 5366 3043 5422 Desiderio
3064 5366 3342 5421 desideravi
3359 5368 3457 5421 hoc
3481 5368 3668 5438 pascha
3692 5378 3813 5418 nutu-

2247 5461 2435 5515 ducare
2458 5460 2709 5515 uobiscum
2739 5458 2889 5532 (Luc.
2916 5459 3012 5515 2‘2.
3041 5461 3131 5531 15)
3162 5477 3175 5514 :
3205 5462 3251 5515 si
3283 5459 3483 5529 pascha
3516 5458 3810 5514 manducare

2248 5544 2604 5620 desideravit,
2659 5552 2843 5621 utique
2871 5560 2926 5606 et
2968 5551 3162 5607 festum
3216 5552 3497 5606 nobiscum
3542 5551 3808 5607 celebrare-

2246 5646 2380 5700 Cum
2406 5661 2532 5716 ergo
2554 5646 2737 5701 videas
2763 5661 2868 5701 non
2904 5645 3123 5716 angelos
3155 5654 3356 5699 tantum
3380 5654 3440 5698 et
3466 5645 3699 5698 omnimn
3724 5653 3810 5692 cte-

2308 5756 2382 5818 (α)
2416 5764 2529 5871 “ﬁo
2550 5758 2695 5824 longa
2716 5760 2848 5811 serie
2869 5759 3113 5810 habentur
3131 5770 3279 5822 supra
3297 5765 3446 5808 Temo
3469 5757 3521 5819 2,
3546 5754 3636 5808 col.
3660 5752 3747 5805 £56
3765 5756 3809 5800 et

2309 5833 2438 5871 uuen
2514 5835 2588 5871 us.

2248 5832 2588 5879 sequentibus.
