4044 6402
225 432 337 489 7G7

1339 433 1575 490 IIOMIL.
1618 433 1685 490 1N
1728 405 2059 489 SANCTU‘M
2099 431 2406 488 PASCHA.

2376 326 2397 355 /

3401 432 3517 488 763

235 555 419 618 πύλας
472 552 797 607 συνέολασεν
824 552 852 603 6
905 551 1181 622 Δεσπότης
1231 551 1387 623 ἡμῶν
1443 550 1695 622 Χριστὸς,
1727 553 1822 605 καὶ
1931 549 2098 603 αὐτοῦ
2122 549 2469 619 περιεγένετο
2506 549 2534 600 6
2562 547 2816 617 Χριστός.
2858 548 3006 602 Αὐτά
3042 546 3113 601 τά
3155 548 3298 602 ὅπλα
3330 547 3513 611 ἔλαϐε,

234 640 374 695 αὐτὸ
396 636 490 691 τοῦ
525 637 759 691 θανάτου
787 635 848 688 16
877 636 1170 706 πρόσωπον
1208 633 1462 704 ἠφάνισε.
1494 632 1559 711 Τί
1598 633 1655 686 66
1681 633 1825 702 λέγω

232 724 301 778 16
332 721 657 794 πρόσωπον;
707 716 880 771 Αὐτοῦ
910 718 1009 789 τὴν
1062 717 1436 790 προσηγορίαν
1493 715 1820 787 μετέϐαλενο

234 809 339 863 οὐκ
373 807 454 859 ἔτι
506 805 615 875 γὰρ
658 803 887 867 θάνατος
941 802 1193 871 λέγεται,
1240 802 1379 856 ἀλλὰ
1415 802 1672 873 κοίμησις
1730 800 1825 854 καὶ

235 888 443 954 υπνος·
479 888 585 960 πρὸ
616 889 714 958 μὲν
734 886 842 958 γὰρ
869 886 966 955 τῆς
997 882 1234 956 Χριστοῦ
1257 884 1581 957 παρουσίας’
1609 885 1701 937 καὶ
1727 884 1827 955 τῆς

234 973 333 1027 τοῦ
358 970 595 1043 σταυροῦ
622 968 952 1040 οίκονομίας,
979 969 1074 1022 καὶ
1104 968 1236 1023 αὐτὸ
1249 968 1344 1022 τοῦ
1373 967 1605 1022 θανάτου
1634 966 1696 1020 τὸ
1712 966 1827 1021 ὅνο-

237 1074 321 1130 μα
350 1055 584 1127 φοϐερὸν
614 1052 901 1123 ἐτύγχανε.
942 1051 1055 1108 Kal
1084 1050 1194 1123 γάρ
1232 1051 1261 1103 6
1292 1050 1507 1122 πρῶτος
1539 1049 1826 1113 ἄνθρωπος

231 1140 529 1210 γενόμενος
563 1136 683 1190 ἀντὶ
740 1135 975 1207 μεγάλου
1013 1136 1292 1205 ἐπιτιμίου
1338 1134 1499 1188 τοῦτο
1535 1132 1825 1187 κατεδικά-

234 1222 364 1288 ζετο
386 1219 620 1274 ἀκούων·
653 1212 737 1291 τῌ
766 1217 819 1271 δ’
849 1217 928 1273 ἂν
947 1217 1138 1287 ἡμέρᾳ
1173 1217 1368 1288 φανῇ,
1416 1216 1648 1284 θανάτῳ
1672 1217 1822 1271 ἀπο-

234 1304 416 1374 θανῇ.
446 1303 557 1357 Kal
578 1304 609 1356 6
632 1301 901 1373 μακάριος
929 1301 986 1354 66
1030 1300 1149 1355 Ἰὼϐ
1182 1301 1359 1372 τούτῳ
1382 1300 1460 1372 τῷ
1485 1301 1709 1372 ὀνόματι
1729 1300 1825 1353 αύ-

236 1389 332 1443 τδν
361 1386 795 1459 προσηγόρευσε.
824 1386 1026 1454 λέγων’
1060 1386 1327 1453 Θάνατος
1355 1384 1529 1454 ἀνδρὶ
1555 1383 1824 1439 ἀνάπαυ-

233 1490 358 1540 σις.
396 1470 509 1527 Kal
536 1472 565 1524 6
592 1471 877 1542 προφήτης
904 1468 1070 1523 Δαυῒδ
1106 1469 1259 1539 ἔλεγε
1284 1484 1297 1498 ’
1343 1468 1607 1535 Θάνατος
1635 1470 1819 1536 ἁμαρ-

231 1552 447 1609 τωλῶν
495 1553 779 1621 πονηρός.
828 1551 903 1604 Οὐ
964 1551 1126 1621 μόνον
1160 1552 1216 1605 δέ
1255 1551 1482 1615 θάνατος
1511 1551 1758 1605 ἐκαλεῖτο
1788 1553 1821 1621 ή

231 1636 479 1699 διάλυσις
507 1634 608 1705 τῆς
630 1634 808 1705 ψυχῆς
827 1633 941 1686 »ἀπὸ
962 1631 1055 1686 τοῦ
1085 1633 1357 1704 σώματος,
1384 1633 1520 1703 ἀλλά
1548 1635 1641 1687 καὶ
1667 1633 1823 1705 ᾷδης.

234 1723 441 1776 Ἀκουε
473 1718 584 1791 γὰρ
628 1718 723 1772 τοῦ
760 1718 860 1789 μὲν
912 1719 1254 1790 πατριάρχου
1305 1717 1502 1772 Ἰακὼϐ
1534 1718 1784 1786 λέγοντος
1806 1735 1819 1750 ο

231 1803 542 1867 Κατὰξετε
589 1801 655 1857 τὸ
684 1800 874 1872 γῆράς
902 1819 1024 1871 μου
1071 1801 1224 1870 μετὰ
1270 1802 1475 1870 λύπης
1516 1804 1607 1869 εὶς
1634 1801 1782 1869 ᾅδου
1806 1819 1818 1832 ·

229 1887 329 1942 τοῦ
367 1887 426 1941 66
453 1887 736 1958 προφήτου
768 1885 931 1939 πάλιν
950 1901 966 1916 ο
996 1886 1255 1954 Ἐχανεν
1283 1888 1315 1939 ό
1348 1885 1502 1952 ᾅδης
1536 1884 1602 1939 τὸ
1628 1886 1824 1955 στόμα

227 1971 423 2028 αὑτοῦ
445 1987 458 1999 ·
491 1970 584 2023 καὶ
610 1968 775 2024 πάλιν
806 1967 995 2038 ἐτέρου
1022 1968 1305 2039 προφήτου
1355 1967 1607 2037 λέγοντος
1631 1984 1645 1998 ο
1693 1967 1822 2021 ’Ρύ-

227 2057 410 2112 σεταί
427 2071 505 2124 με
525 2054 595 2118 ἐξ
627 2052 777 2121 ᾅδου
810 2050 1152 2124 κατωτάτου
1173 2069 1187 2082 ·
1220 2052 1314 2105 καὶ
1360 2052 1629 2123 πολλαχοῦ
1657 2052 1822 2122 εύρήα

227 2156 350 2203 σεις
374 2140 468 2192 ἐπὶ
485 2138 583 2208 τῆς
614 2136 858 2198 Παλαιᾶς
890 2134 1119 2189 θάνατον
1172 2135 1269 2189 καὶ
1312 2134 1447 2207 ᾅδην
1479 2134 1823 2205 καλουμένην

225 2223 333 2295 τὴν
360 2220 612 2277 ἐντεῦθεν
643 2219 997 2291 μετάστασιν.
1027 2217 1255 2292 Ἐπειδὴ
1281 2218 1339 2272 δὲ
1371 2219 1604 2290 Χριστὸς
1633 2220 1662 2272 6
1690 2217 1822 2280 Θεὸς

230 2305 394 2379 ήμῶν
434 2303 596 2359 θυσία
635 2301 982 2375 προσηνέχθη
1011 2341 1026 2367 ,
1076 2301 1174 2356 καὶ
1220 2301 1289 2355 τὰ
1320 2303 1421 2373 τῆς
1470 2300 1820 2364 ἀναστάσεως

227 2388 625 2464 προεχώρησε»
673 2386 909 2458 περιῆρε
960 2385 1017 2439 δὲ
1062 2384 1161 2450 τὰς
1190 2385 1567 2459 προσηγορίας
1591 2384 1761 2448 αὐτὰς
1792 2386 1822 2440 ό

226 2474 621 2545 φιλάνθρωπος
651 2473 953 2543 Δεσπότης,
985 2470 1081 2524 καὶ
1111 2469 1304 2541 καινὴν
1339 2471 1434 2523 καὶ
1465 2468 1626 2540 ξένην
1668 2468 1821 2522 πολι-

226 2557 384 2613 τείαν
408 2559 488 2620 εἰς
519 2556 612 2609 τὸν
648 2554 763 2625 βίον
791 2555 1052 2626 εἰσήγαγε
1094 2551 1188 2606 τὸν
1218 2552 1518 2624 ἡμέτερον*
1558 2551 1679 2605 ἀντὶ
1710 2551 1821 2624 γάρ

227 2642 466 2697 θανάτου
489 2639 675 2692 λοιπον
691 2638 947 2708 κοίμησις
972 2635 1066 2689 καὶ
1088 2634 1253 2698 ὕπνος
1276 2634 1492 2704 λέγεται
1517 2636 1548 2706 ή
1570 2633 1820 2688 ἐντεῦθεν

231 2726 590 2800 μετάστασις.
623 2723 734 2776 Kal
768 2720 932 2775 πόθεν
959 2718 1119 2774 τοῦτο
1171 2718 1369 2800 δῇλον;
1404 2716 1603 2771 ΙἌκουε
1629 2715 1821 2800 ὴαὺτοῦ

226 2792 330 2867 τοῦ
369 2803 609 2878 Χριστοῦ
640 2804 890 2873 λέγοντος
910 2821 925 2835 ·
953 2792 1219 2871 Λάζαρος
1245 2805 1278 2856 ὀ
1317 2801 1498 2871 φίλος
1525 2798 1698 2871 ἡμῶν
1722 2818 1822 2855 κε·-

226 2892 508 2963 κοίμηται
541 2931 556 2955 ,
620 2888 786 2944 ἀλλὰ
846 2888 1172 2955 πορεύομαι
1223 2885 1551 2948 ἐξυπνισαι
1608 2886 1817 2939 αὐτόν.

227 2977 448 3046 ’Ὠσπερ
474 2973 584 3045 γὰρ
621 2974 752 3043 ἡμῖν
783 2970 1004 3025 εὔκολον
1040 2969 1132 3022 τὸν
1167 2968 1497 3024 καθεύδοντα
1543 2968 1818 3022 διυπνίσαι

228 3060 331 3119 καὶ
365 3058 652 3128 διεγεῖραι,
684 3053 829 3109 οὕτω
858 3054 952 3108 καὶ
988 3051 1067 3123 τῷ
1099 3050 1266 3121 κοινῷ
1292 3052 1510 3106 πάντων
1538 3050 1693 3122 ἡμῶν
1721 3054 1817 3103 Δε-

230 3143 413 3217 σπότῃ
439 3142 500 3196 16
521 3141 846 3211 ἀναστῆσαι.
876 3138 989 3191 Kal
1008 3135 1197 3208 ἐπειδὴ
1224 3135 1409 3189 καινὸν
1445 3130 1514 3208 ἦν
1553 3137 1648 3189 καὶ
1669 3134 1820 3202 ξένον

224 3227 295 3285 τὸ
324 3226 455 3299 παρ’
478 3224 647 3280 αὐτοῦ
670 3222 984 3294 εἰρημένον,
1011 3221 1132 3275 οὐδὲ
1160 3222 1209 3273 οί
1234 3218 1477 3292 μαθηταὶ
1499 3220 1738 3291 συνῆκαν
1760 3219 1821 3274 16

225 3310 444 3383 λεχθὲν,
477 3308 671 3380 μέχρις
702 3308 824 3361 δτου
856 3302 1309 3372 συγκαταϐαίνων
1351 3301 1531 3357 αὐτῶν
1554 3304 1621 3374 τῇ
1657 3303 1821 3356 ἀσθε-

227 3394 372 3465 νείᾳ,
408 3389 787 3464 φανερώτερον
818 3386 949 3442 αὐτὸ
991 3386 1205 3459 εἴρηκε.
1243 3385 1356 3440 Καὶ
1392 3387 1421 3439 6
1446 3386 1546 3457 τῆς
1568 3385 1820 3457 οἰκουμέ-

224 3493 329 3546 νης
356 3475 414 3528 δὲ
438 3471 760 3535 διδάσκαλος
792 3473 820 3525 6
853 3469 1124 3542 μακάριος
1154 3468 1390 3534 Παῦλος,
1415 3470 1642 3537 γράφων
1684 3468 1820 3521 Θεσο

227 3555 574 3614 σαλονικεῦσί
593 3572 758 3627 φησιν
775 3571 790 3586 ⁸
821 3556 904 3608 Οὐ
921 3553 1076 3609 θέλω
1097 3550 1253 3620 ὑμᾶς
1278 3551 1522 3620 ἀγνοεῖν
1544 3552 1676 3619 περὶ
1702 3550 1820 3604 τῶν

226 3639 699 3712 κεκοιμημένων,
729 3637 929 3706 ἵναμὴ
955 3632 1266 3701 λυπῆσθε,
1290 3635 1370 3700 ὡς
1398 3634 1497 3688 καί
1530 3639 1583 3689 οἱ
1615 3634 1818 3688 λοιποὶ

225 3729 286 3784 οι
331 3723 419 3797 μὴ
465 3726 714 3793 ἔχοντες
739 3719 978 3775 ἐλπίδα.
1010 3720 1120 3772 Καὶ
1151 3718 1315 3772 πάλιν
1357 3717 1625 3789 ἁλλαχοῦ’
1670 3719 1820 3786 Ἀρα

225 3812 287 3868 οι
310 3807 697 3879 κοιμηθέντες
728 3804 799 3858 ἐν
828 3801 1060 3871 Χριστῷ
1079 3843 1094 3869 ,
1120 3801 1454 3857 ἀπώλοντο.
1480 3803 1592 3856 Kal
1624 3802 1814 3856 πάλιν⁸

239 3890 436 3964 Ἡμεῖς
465 3894 521 3945 οι
548 3886 780 3954 ζῶντες,
810 3888 866 3940 οἱ
912 3885 1412 3954 περιλειπόμενοι,
1444 3887 1517 3941 οὐ
1554 3885 1642 3955 μὴ
1672 3884 1819 3954 φθά-

226 3992 436 4046 σωμεν
466 3973 608 4039 τοὺς
642 3969 1057 4040 κοιμηθέντας.
1090 3969 1200 4022 Kal
1231 3968 1457 4040 ἑτέρωθι
1491 3970 1688 4024 πάλιν·
1751 3970 1819 4021 Ei

227 4060 343 4133 γὰρ
359 4057 743 4124 πιστεύομεν,
763 4053 853 4107 ὅτι
881 4048 1122 4118 Ἰησοῦς
1140 4051 1425 4117 ἀπέθανε,
1443 4052 1541 4106 καὶ
1567 4051 1817 4118 ἀνέστη,

229 4141 504 4199 οὕτωκαὶ
531 4143 564 4194 ὁ
583 4139 723 4204 Θεὸς
750 4136 894 4202 τοὺς
920 4133 1314 4203 κοιμηθέντας
1329 4133 1459 4199 ἄξει
1487 4134 1608 4189 σὺν
1636 4133 1817 4199 αὐτῷ.

289 4295 355 4366 β’.
376 4292 532 4357 Εἶδες
554 4288 832 4362 πανταχοῦ
847 4289 1033 4345 λοιπὸν
1050 4288 1306 4359 κοίμησιν
1320 4288 1416 4340 καὶ
1439 4285 1604 4339 ὕπνον
1622 4288 1715 4341 τὸν
1732 4288 1822 4342 θά-

225 4396 391 4434 νατον
420 4375 788 4447 καλούμενον;
810 4375 903 4428 καὶ
926 4373 1017 4427 τὸν
1039 4371 1146 4443 πρὸ
1160 4369 1351 4424 τούτου
1376 4369 1603 4441 φοϐερὸν
1625 4370 1819 4440 ἔχοντα

223 4464 290 4518 16
325 4463 640 4535 πρόσωπον,
676 4458 769 4512 νῦν
791 4456 1270 4527 εὐκαταφρόνητον
1299 4453 1439 4524 μετά
1458 4453 1558 4523 τὴν
1583 4454 1818 4508 ἀνάστα-

227 4564 318 4603 σιν
369 4545 687 4614 γινόμενον;
742 4536 896 4604 Εῐδες
949 4538 1201 4611 λαμπρὸν
1228 4538 1328 4608 τῆς
1373 4537 1718 4601 ἀναστάσεως
1756 4539 1818 4592 τὸ

222 4632 524 4704 τρόπαιονς
554 4627 654 4680 Διά
683 4624 889 4695 ταύτην
909 4625 1040 4695 ἡμῖν
1073 4622 1144 4675 τά
1188 4621 1358 4704 μυρία
1391 4620 1573 4704 ἀγγαθά
1603 4624 1817 4692 εἰσενή-

220 4703 451 4770 νεκταιο
487 4709 639 4784 [752]
696 4708 783 4762 διὰ
814 4706 1020 4778 ταύτην
1053 4708 1087 4776 ή
1150 4705 1259 4758 τῶν
1311 4703 1580 4773 δαιμόνων
1631 4705 1814 4778 ἀπάτη

220 4794 536 4863 κατελύθη·
593 4793 680 4846 διὰ
731 4789 937 4861 ταύτην
988 4785 1381 4858 καταγελῶμεν
1431 4785 1696 4841 θανάτου·
1728 4788 1816 4841 διά

216 4879 435 4950 ταύτην
459 4876 816 4949 ὐπερορῶμεν
844 4874 945 4943 τῆς
975 4872 1257 4944 παρούσης
1284 4869 1460 4941 ζωῆς·
1492 4870 1583 4924 διὰ
1612 4870 1815 4943 ταύτην
1836 4895 1851 4911 .

217 4964 368 5035 πρὸς
383 4962 481 5034 τὴν
506 4960 615 5012 τῶν
656 4958 959 5028 μελλόντων
986 4955 1282 5026 ἐπιθυμίαν
1310 4953 1647 5025 ἐπειγόμεθα
1671 4972 1685 4986 ’
1726 4954 1816 5009 διὰ

213 5045 433 5115 ταύτην
456 5084 470 5109 ,
508 5042 669 5114 σῶμα
690 5040 1085 5112 περικείμενοι,
1116 5039 1268 5092 οὐδὲν
1295 5037 1515 5091 ἔλαττον
1537 5038 1645 5093 τῶν
1672 5039 1816 5092 ἀσω-

222 5130 419 5202 μάτων
473 5125 671 5197 ἐχομεν
695 5165 710 5187 ,
744 5125 840 5177 ἐὰν
880 5121 1221 5192 βουλώμεθα.
1274 5122 1523 5193 Σήμερον
1553 5121 1709 5193 ἡμῶν
1746 5122 1816 5175 τὰ

214 5210 460 5284 λαμπρά
486 5210 782 5281 νικητήρια
815 5207 1005 5277 γέγονε
1024 5224 1038 5237 ·
1074 5207 1313 5278 σήμερον
1345 5204 1506 5276 ἡμῶν
1532 5207 1561 5258 6
1605 5204 1814 5258 Δεσπό-

215 5313 327 5368 της
352 5294 416 5348 16
448 5293 590 5348 κατὰ
630 5293 729 5347 τοῦ
753 5291 985 5346 θανάτου
1032 5291 1295 5362 τρόπαιον
1326 5291 1548 5360 στήσας,
1577 5288 1672 5340 καὶ
1720 5288 1813 5341 τοῦ

215 5378 475 5433 διαϐόλου
500 5379 600 5449 τὴν
623 5375 915 5450 τυραννίδα
937 5374 1272 5440 καταλύσας,
1302 5374 1402 5445 τὴν
1422 5373 1512 5426 διὰ
1549 5374 1648 5445 τῆς
1678 5373 1813 5427 ἀνα-

218 5464 472 5526 στάσεως
495 5463 615 5517 ὁδὸν
636 5464 717 5526 είς
751 5460 1027 5533 σωτηρίαν
1058 5460 1371 5531 ἐχαρίσατο.
1397 5460 1609 5523 Πάντες
1633 5459 1814 5513 τοίνυν

217 5550 543 5623 χαίρωμεν,
592 5544 928 5617 σκιρτῶμεν,
971 5542 1359 5613 ἀγαλλώμεθα.
1410 5542 1476 5595 Εἰ
1507 5540 1616 5613 γὰρ
1665 5543 1761 5595 καὶ
1785 5541 1814 5595 6

216 5627 510 5699 Δεσπότης
554 5628 713 5700 ήμῶν
748 5629 969 5699 ἐνίκησε
1003 5627 1098 5680 καὶ
1152 5627 1215 5679 τὸ
1244 5626 1507 5697 τρόπαιον
1561 5624 1809 5695 ἔστησεν,

215 5712 363 5769 ἀλλὰ
396 5712 554 5783 κοινὴ
590 5713 686 5766 καὶ
716 5711 874 5783 ήμῶν
902 5713 936 5782 ή
968 5709 1278 5783 εὐφροσύνη
1310 5707 1407 5763 καὶ
1451 5707 1674 5780 ήχαρά.
1715 5707 1814 5760 Διὰ

215 5798 337 5869 γὰρ
366 5796 465 5869 τὴν
500 5796 777 5870 ήμετέραν
807 5795 1084 5866 σωτηρίαν
1124 5792 1304 5847 πάντα
1349 5791 1674 5865 εἰργάσατο·
1717 5789 1811 5842 καὶ

221 5881 287 5939 δι’
323 5873 399 5939 ὧν
434 5881 583 5953 ἡμᾶς
616 5878 1038 5956 κατεπάλαισεν
1085 5879 1114 5933 6
1167 5875 1435 5945 διάϐολος,
1479 5873 1565 5928 διὰ
1602 5872 1808 5928 τούτων
1832 5959 1856 5968 ⁹

1857 5961 1887 5969 ν

1928 634 2023 687 καί.
2054 632 2268 696 τούτοις
2300 630 2464 686 αὐτὸν
2500 632 2943 702 κατηγωνίσατο·
2989 632 3082 685 καὶ
3132 631 3272 696 πῶς,
3324 632 3512 685 ἄκουε.

1929 716 2204 788 Παρθένος
2230 715 2324 769 καὶ
2356 714 2511 780 ξύλον
2542 715 2636 767 καὶ
2670 713 2900 779 θάνατος
2924 716 3020 785 τῆς
3043 715 3317 788 ἡμετέρας
3343 717 3514 787 ἥττης

1926 802 2117 870 γέγονε
2146 799 2215 853 τὰ
2240 798 2508 868 σύμϐολα.
2566 797 2677 851 Kal
2726 797 2837 869 γὰρ
2883 799 3152 870 παρθένος
3182 796 3250 871 ἦν
3300 803 3333 870 ή
3367 800 3508 854 Εὕα·

1926 886 2137 938 οὐδέπω
2163 883 2273 954 γάρ
2304 882 2475 955 ἄνδρα
2500 883 2820 948 ἐγίνωσκεν,
2868 884 2959 935 ὅτε
2996 883 3094 954 τὴν
3139 884 3361 955 ἀγάπην
3412 886 3514 938 ὐπ-

1927 969 2138 1040 έμεινε’
2173 968 2328 1034 ξύλον
2349 964 2417 1040 ἦν
2443 968 2504 1021 16
2532 968 2767 1039 δένδρον·
2802 967 3032 1031 θάνατος
3059 969 3121 1021 16
3150 969 3426 1039 ἐπιτίμιον
3453 970 3514 1024 16

1927 1051 2072 1105 κατά
2096 1051 2191 1104 τοῦ
2225 1051 2413 1121 Ἀδάμ.
2450 1046 2602 1113 Εἶδες
2630 1050 2746 1114 πῶς
2796 1052 3066 1122 παρθένος
3101 1053 3194 1105 καὶ
3229 1050 3384 1117 ξύλον
3418 1054 3514 1107 καὶ

1928 1133 2158 1198 θάνατος
2182 1135 2408 1204 γέγονεν
2432 1137 2563 1205 ἡμῖν
2596 1134 2696 1204 τῆς
2718 1135 2891 1205 ἥττης
2938 1133 3009 1189 τὰ
3054 1135 3339 1206 σύμϐολα;
3370 1137 3521 1207 Ὅρα

1925 1217 2105 1271 τοίνυν
2133 1218 2251 1282 πῶς
2284 1218 2381 1272 καὶ
2414 1219 2513 1287 τῆς
2538 1218 2695 1287 νίκης
2721 1217 2861 1271 αὐτὰ
2894 1218 3055 1273 πάλιν
3081 1219 3271 1287 γέγονε
3308 1221 3512 1291 παραί-

1925 1320 2038 1357 τια.
2084 1303 2228 1355 Ἀντὶ
2270 1303 2366 1371 τῆς
2402 1300 2549 1364 Εὐας
2578 1304 2609 1371 ἡ
2647 1301 2837 1371 Μαρία
2859 1318 2871 1332 ·
2907 1303 3031 1356 ἀντὶ
3062 1302 3155 1356 τοῦ
3201 1302 3361 1368 ξύλου
3418 1302 3512 1356 τοῦ

1928 1385 2128 1439 εἰδέναι
2181 1386 2424 1453 γνωστὸν
2475 1384 2639 1437 καλοῦ
2695 1385 2787 1437 καὶ
2819 1384 3083 1455 πονηροῦ,
3133 1384 3195 1439 16
3236 1385 3390 1451 ξύλον
3419 1386 3513 1440 τοῦ

1928 1466 2164 1538 σταυροῦ
2186 1483 2199 1497 ’
2231 1468 2353 1521 ἀντὶ
2385 1467 2480 1520 τοῦ
2511 1465 2743 1520 θανάτου
2767 1467 2861 1520 τοῦ
2906 1467 3098 1538 Ἀδὰμ,
3126 1471 3155 1522 6
3187 1469 3521 1534 15201101126;

1927 1550 2175 1614 θάνατος.
2214 1548 2369 1614 Εἶδες
2388 1552 2456 1605 δι’
2496 1547 2570 1605 ὧν
2605 1551 2846 1621 ἐνίκησε,
2877 1550 2967 1605 διὰ
2992 1551 3198 1607 τούτων
3226 1554 3390 1607 αὐτὸν
3420 1556 3515 1624 ήτ-

1924 1633 2199 1704 τώμενονς
2250 1633 2388 1705 Περὶ
2420 1632 2480 1686 τὸ
2510 1633 2725 1704 δένδρον
2780 1634 3195 1704 κατηγωνίσατο
3214 1636 3305 1688 τὸν
3344 1637 3515 1707 ’Δδάμ

1924 1722 1953 1773 ὁ
1980 1719 2223 1785 διάϐολος
2242 1736 2254 1749 ·
2280 1720 2410 1790 περὶ
2434 1719 2526 1773 τὸν
2558 1719 2791 1790 σταυρὸν
2822 1721 3193 1776 κατεπάλαισε
3211 1723 3306 1779 τὸν
3334 1724 3514 1778 διάϐο-

1925 1803 2014 1857 λον
2045 1806 2074 1857 6
2106 1802 2358 1873 Χριστός.
2386 1802 2618 1857 Κάκεῖνο
2643 1803 2743 1873 μὲν
2770 1803 2831 1856 16
2869 1802 3024 1868 ξύλον
3052 1806 3131 1868 εἰς
3171 1806 3306 1877 ᾅδην
3343 1807 3517 1877 έπεμ-

1926 1904 2015 1953 πε,
2045 1886 2205 1941 τοῦτο
2224 1886 2281 1939 δὲ
2314 1886 2374 1938 16
2399 1885 2574 1951 ξύλον,
2600 1886 2661 1939 τὸ
2685 1886 2780 1939 τοῦ
2809 1887 3070 1958 σταυροῦ,
3091 1890 3184 1943 καὶ
3203 1890 3331 1953 τοὺς
3353 1890 3514 1944 ἀπελ-

1925 1971 2118 2035 θόντας
2146 1973 2211 2023 ἐκ
2242 1968 2338 2023 τοῦ
2368 1969 2493 2040 ᾅδου
2533 1970 2697 2022 πάλιν
2745 1970 3088 2023 ἀνεκαλεῖτο’
3141 1973 3365 2027 κάκεῖνο
3413 1973 3513 2044 μὲν

1925 2053 2178 2125 καθάπερ
2211 2053 2560 2123 αἰχμάλωτον
2585 2053 2677 2106 καὶ
2704 2053 2912 2124 γυμνὸν
2949 2054 3190 2126 ἔκρυπτε
3219 2056 3310 2110 τὸν
3342 2059 3513 2129 ήττη-

1925 2134 2106 2201 θέντα,
2153 2135 2312 2189 τοῦτο
2343 2134 2399 2189 δὲ
2430 2136 2522 2189 τὸν
2555 2137 2781 2208 νικητὴν
2827 2138 3034 2207 γυμνὸν
3086 2139 3513 2211 προσηλωμένον

1926 2220 2010 2289 ἐφ’
2042 2218 2246 2290 ὑψηλοῦ
2295 2222 2464 2274 πᾶσιν
2513 2220 2750 2274 ἐδείκνυ.
2792 2222 2904 2277 Καὶ
2956 2222 3186 2289 θάνατος
3217 2225 3246 2276 6
3287 2225 3387 2295 μὲν
3418 2228 3520 2284 καὶ

1924 2305 2051 2369 τοὺς
2084 2305 2202 2376 μετ’
2228 2305 2390 2360 αὐτὸν
2414 2305 2740 2376 κατέκρινεν
2757 2324 2770 2337 ·
2802 2308 2830 2359 6
2850 2305 2907 2359 66
2939 2308 3034 2360 καὶ
3053 2309 3180 2371 τοὺς
3210 2309 3318 2380 ’περὸ
3346 2311 3514 2365 αὑτοῦ

1923 2387 2221 2461 ἀνέστησεν
2260 2388 2499 2460 ἀληθῶς.
2542 2390 2638 2453 Τίς
2686 2388 2952 2456 λαλήσει
3003 2390 3110 2456 τὰς
3146 2389 3517 2462 δυναστείας

1922 2472 2031 2526 τοῦ
2054 2473 2299 2540 Κυρίου,
2324 2473 2636 2538 ἀκουστὰς
2681 2472 2923 2539 ποιήσει
2966 2474 3173 2541 πάσας
3219 2476 3329 2543 τὰς
3355 2477 3513 2531 αίνέ-

1923 2572 2056 2623 σεις
2079 2558 2266 2612 αὑτοῦ
2280 2574 2299 2622 ;
2348 2558 2481 2612 Ἀπὸ
2505 2557 2735 2611 θανάτου
2764 2559 3069 2629 γεγόναμεν
3094 2560 3377 2626 ἀθάνατοι,
3401 2563 3527 2629 ἀπδῖ

1924 2640 2184 2705 πτώσεως
2211 2641 2409 2713 ἀνέστη
2421 2659 2540 2712 μεν,
2571 2642 2683 2696 ἀπὸ
2704 2644 2837 2714 ήττή
2847 2660 3018 2713 ματος
3050 2645 3399 2718 κατέστημεν
3432 2664 3524 2701 νις

1922 2724 2108 2796 κηταί.

1994 2875 2063 2945 γ’.
2087 2875 2272 2930 Ταῦτα
2295 2876 2388 2929 τοῦ
2418 2875 2653 2947 σταυροῦ
2682 2876 2748 2929 τὰ
2766 2875 3189 2948 κατορθώματα,
3214 2879 3387 2934 ταῦτα
3412 2882 3514 2949 τῆς

1921 2960 2271 3023 ἀναστάσεως
2328 2959 2561 3031 μεγίστη
2632 2959 2928 3026 ἀπόδειξις.
2988 2961 3237 3032 Σήμερον
3289 2964 3517 3032 ἄγγελοι

1924 3044 2208 3113 σκιρτῶσι,
2246 3042 2341 3096 καὶ
2377 3044 2549 3096 πᾶσαι
2581 3044 2639 3097 αἱ
2671 3044 2919 3114 οὐράνιαι
2962 3043 3224 3115 δυνάμεις
3251 3046 3511 3114 ἀγάλλον-

1920 3147 2030 3193 ται,
2058 3128 2416 3199 συνηδόμεναι
2446 3128 2538 3181 ἐπὶ
2568 3130 2635 3200 τῇ
2669 3128 2917 3200 σωτηρία
2957 3127 3053 3182 τοῦ
3104 3129 3288 3193 κοινοῦ
3324 3132 3513 3199 γένους

1922 3213 2029 3267 τῶν
2054 3212 2151 3266 ἀνθ
2162 3211 2379 3285 ρώπων.
2397 3213 2461 3266 Εἰ
2480 3212 2587 3285 γὰρ
2615 3213 2708 3266 ἐπὶ
2726 3212 2807 3267 ἐνὶ
2824 3212 3137 3285 ἀμαρτωλῷ
3163 3216 3515 3284 μετανοοῦντι

1918 3295 2069 3375 χαρά
2092 3297 2304 3365 γίνεται
2333 3298 2392 3350 ὲν
2423 3295 2640 3368 οὐρανῷ
2664 3296 2760 3351 καὶ
2789 3297 2882 3350 ἐπὶ
2915 3298 3040 3368 γῆς,
3078 3298 3259 3370 πολλῷ
3310 3301 3516 3371 μᾶλλον

1921 3382 2016 3433 ἐπί
2036 3383 2103 3452 τῇ
2130 3380 2375 3452 σωτηρίᾳ
2398 3380 2497 3451 τῆς
2521 3380 2867 3451 οἰκουμένης.
2903 3381 3154 3453 Σήμερον
3178 3384 3278 3452 τὴν
3300 3385 3517 3458 ἀνθρωιρ

1921 3466 2084 3519 πείαν
2115 3464 2297 3533 φύσιν,
2326 3465 2426 3534 τῆς
2454 3463 2550 3517 τοῦ
2571 3463 2821 3518 διαϐόλου
2856 3466 3173 3535 τυραννίδος
3210 3468 3531 3541 ἐλευθερῶ-.

1923 3565 2043 3612 σας,
2072 3548 2208 3619 πρὸς
2221 3547 2320 3617 τήν
2336 3548 2610 3619 προτέραν
2639 3547 2924 3617 εὐγένειαν
2954 3550 3326 3621 ἐπανήγαγεν.
3346 3554 3515 3611 Ὅταν

1921 3629 2031 3702 γὰρ
2064 3630 2158 3684 ἴδω
2183 3630 2282 3701 τὴν
2332 3630 2586 3702 ἀπαρχὴν
2614 3630 2710 3701 τὴν
2744 3632 2883 3703 ἐμὴν
2938 3631 3082 3687 οὕτω
3124 3633 3220 3687 τοῦ
3278 3634 3514 3703 θανάτου

1922 3711 2430 3785 περιγεγενημένην
2455 3753 2470 3778 ,
2506 3714 2607 3766 οὐκ
2662 3714 2742 3767 ἔτι
2793 3714 3028 3782 δέδοικα,
3063 3716 3164 3770 οὐκ
3187 3717 3267 3771 ἔτι
3302 3721 3525 3790 φρίττω.

1919 3797 2012 3850 τὸν
2045 3795 2281 3865 πόλεμον
2302 3813 2315 3828 ο
2340 3795 2463 3849 οὐδὲ
2483 3797 2621 3868 πρὸς
2650 3796 2749 3868 τὴν
2772 3797 3058 3852 ἀσθένειαν
3079 3798 3191 3871 δρῶ
3214 3800 3313 3873 τὴν
3339 3804 3511 3874 ἐμαυ-

1920 3878 2039 3945 τοῦ,
2075 3878 2193 3933 ἀλλ’
2229 3878 2397 3933 ἐννοῶ
2429 3878 2523 3932 τοῦ
2580 3879 2867 3950 μέλλοντός
2905 3898 2996 3950 μοι
3062 3888 3374 3955 συμμαχεῖν
3408 3887 3522 3958 τὴν

1920 3963 2127 4032 ἄφατον
2151 3961 2400 4033 δύναμιν.
2444 3960 2506 4018 Ὀ
2536 3964 2647 4033 γὰρ
2678 3964 2778 4033 τῆς
2811 3963 2905 4017 τοῦ
2935 3965 3167 4020 θανάτου
3195 3970 3511 4039 τυραννίδος

1921 4046 2364 4119 περιγενόμενος,
2402 4047 2498 4099 καὶ
2527 4049 2711 4101 πᾶσαν
2726 4046 2892 4103 αὐτοῦ
2923 4047 3022 4118 τὴν
3058 4050 3211 4118 ἰσχὺν
3240 4052 3509 4125 ἀφελόμε-

1920 4146 2031 4194 νος,
2059 4128 2113 4182 τί
2141 4128 2325 4181 λοιπὸν
2373 4129 2473 4182 οὐκ
2506 4130 2803 4202 ἐργάσεται
2843 4130 2972 4202 περὶ
2996 4132 3057 4184 16
3100 4135 3380 4203 ὁμογενὲς.
3411 4138 3508 4191 καὶ

1920 4205 1982 4266 οὗ
2010 4212 2108 4283 τὴν
2143 4212 2358 4283 μορφὴν
2389 4213 2681 4267 ἀναλαϐεῖν
2713 4214 2801 4269 διά
2833 4214 3033 4287 πολλὴν
3093 4216 3524 4289 φιλανθρωπίαν.⁴

1923 4296 2073 4370 [755]
2104 4297 2437 4368 κατηξίωσε,
2465 4298 2559 4351 καί¹
2579 4298 2666 4352 διὰ
2696 4298 2900 4369 ταύτης
2917 4299 3017 4371 τὴν
3049 4300 3186 4372 πρὸς
3210 4302 3300 4356 16v
3327 4303 3510 4358 διάϐο-

1921 4381 2011 4435 λον
2038 4380 2217 4451 πάλην
2248 4381 2623 4453 ποιήσασθαι;
2652 4383 2900 4454 Σήμερον
2932 4384 3076 4454 χαρὰ
3108 4384 3384 4456 πανταχοῦ
3410 4388 3517 4458 τῆς

1921 4466 2245 4536 οἰκουμένης
2272 4465 2367 4517 xal
2392 4466 2699 4537 εὐφροσύνη
2728 4468 3096 4537 πνευματική.
3132 4469 3381 4540 Σήμερον
3412 4470 3507 4525 καὶ

1920 4551 2028 4606 τῶν
2058 4550 2307 4619 ἀγγέλων
2329 4551 2357 4601 6
2388 4549 2560 4620 δῆμος
2592 4551 2687 4603 καὶ
2712 4550 2903 4604 πασῶν
2933 4549 3043 4603 τῶν
3080 4549 3195 4604 ἄνω
3220 4551 3521 4622 δυνάμεωνι

1923 4635 1952 4688 6
1978 4633 2138 4706 χορὸς
2167 4632 2254 4687 διά
2272 4632 2372 4703 τὴν
2394 4633 2501 4685 τῶν
2529 4631 2625 4686 ἀνθ
2636 4632 2834 4704 ρώπων
2857 4632 3131 4704 σωτηρίαν
3157 4632 3499 4701 ἀγάλλονται.

1934 4716 2217 4785 Ἐννόησον
2255 4716 2456 4783 τοίνυν,
2485 4714 2758 4786 ἀγαπητέ,
2783 4717 2957 4786 χαρᾶς
3000 4714 3248 4784 μέγεθος,
3294 4717 3376 4769 δτι
3411 4719 3514 4770 καὶ

1916 4801 1974 4853 αἱ
2006 4799 2119 4853 ἄνω
2158 4799 2417 4870 δυνάμεις
2467 4800 2602 4869 ἡμῖν
2645 4796 3099 4870 συνεορτάζουσιο
3148 4801 3507 4873 συγχαίρουσι

1917 4883 2027 4955 γὰρ
2058 4884 2172 4947 τοῖς
2198 4882 2486 4953 ἡμετέροις
2508 4882 2755 4951 ἀγαθοῖς.
2783 4882 2895 4936 Καὶ
2929 4883 3037 4955 γάρ
3065 4883 3114 4935 εἰ
3145 4889 3237 4937 καί
3265 4886 3519 4957 ἡμετέραν

1918 4968 1953 5039 ή
1980 4966 2199 5039 χάριςή
2231 4965 2383 5037 παρά
2405 4966 2500 5018 τοῦ
2539 4966 2831 5024 Δεσπότου.
2882 4965 3021 5019 ἀλλά
3050 4966 3146 5020 καὶ
3195 4968 3421 5022 ἐκείνων
3466 4974 3501 5041 ἡ

1918 5049 2103 5121 ἡδονή.
2154 5048 2253 5102 Διά
2297 5049 2457 5103 τοῦτο
2488 5050 2589 5104 οὐκ
2610 5049 3030 5121 ἐπαισχύνονται
3060 5053 3191 5123 ἡμῖν
3217 5055 3506 5124 συνεορτά-

1921 5149 2032 5185 σαι.
2058 5131 2168 5185 Kal
2196 5133 2248 5186 τί
2276 5131 2440 5202 λέγω,
2465 5132 2548 5186 δτι
2572 5134 2621 5185 οί
2649 5132 2921 5186 σύνδουλοι
2950 5135 3082 5205 ἡμῖν
3110 5136 3211 5189 οὐκ
3241 5137 3507 5208 ἐπαισχύ-

1916 5233 2100 5270 νονται
2143 5217 2535 5286 συνεορτάσαι;
2570 5217 2742 5281 Αὐτὸς
2764 5219 2791 5271 6
2809 5218 3089 5288 Δεσπότης
3118 5218 3299 5273 αὐτῶν
3325 5237 3383 5272 τε
3413 5222 3507 5274 καὶ

1917 5300 1949 5369 ή
1958 5298 2074 5369 μῶν
2090 5300 2191 5352 οὐκ
2212 5299 2599 5370 ἐπαισχύνεται
2621 5302 2752 5372 ἡμῖν
2776 5302 3148 5371 συνεορτάσαι.
3174 5300 3237 5354 Τί
3254 5301 3310 5355 δὲ
3327 5297 3498 5366 εἷπον,

1915 5383 2018 5436 οὐκ
2045 5381 2435 5452 ἐπαισχύνεται
2460 5399 2475 5448 ;
2504 5382 2615 5436 Kal
2644 5383 2906 5454 ἐπιθυμεῖ
2946 5384 3303 5455 συνεορτάσαι
3347 5385 3502 5454 ἡμῖν.

1916 5464 2090 5520 Πόθεν
2118 5463 2277 5518 τοῦτο
2304 5465 2494 5534 δῆλον;
2520 5466 2721 5519 ’Ἄκουε
2748 5465 2915 5520 αὐτοῦ
2941 5465 3193 5534 λέγοντος
3211 5482 3226 5497 σ
3270 5466 3504 5522 Ἐπιθυ-

1911 5548 2017 5617 μίᾳ
2036 5548 2391 5618 ἐπεθύμησα
2404 5547 2582 5603 τοῦτο
2606 5550 2669 5603 τὸ
2691 5548 2911 5618 Πάσχα
2925 5548 3139 5619 φαγεῖν
3158 5548 3288 5618 μεθ’
3311 5548 3499 5618 ὑμῶν’

1916 5633 1964 5684 εἱ
1995 5631 2052 5684 66
2084 5631 2146 5685 16
2173 5633 2366 5701 Πάσχα
2404 5632 2720 5705 ἐπεθύμησε
2764 5636 2979 5703 φαγεῖν,
3016 5631 3109 5685 καὶ
3149 5630 3503 5701 συνεορτάσαι

1913 5713 2175 5786 δηλονότι.
2200 5715 2371 5769 Ὅταν
2403 5711 2498 5769 οῦν
2529 5716 2642 5789 ἴδῃς
2668 5716 2745 5787 μὴ
2775 5716 2935 5787 μόνον
2957 5714 3220 5784 ἀγγέλους
3242 5715 3337 5767 καὶ
3364 5714 3502 5770 πάν-

1914 5813 2030 5849 των
2062 5794 2173 5849 τῶν
2205 5797 2473 5870 οὐρανίων
2524 5798 2809 5870 δυνάμεων
2860 5799 2952 5853 τὸν
2983 5798 3175 5868 δῆμον,
3234 5795 3372 5849 ἀλλά
3405 5797 3503 5851 καὶ

1915 5878 2079 5934 αὐτὸν
2100 5879 2190 5935 16v
2210 5881 2276 5934 Δε
2285 5880 2486 5954 σπότην
2505 5876 2611 5937 τῶν
2630 5881 2878 5952 ἀγγέλων
2900 5883 3030 5956 ήμῖν
3051 5875 3521 5950 συνεορτάζοντα..
