4044 6368
286 388 390 442 769

296 496 506 551 lestium
539 502 859 566 potestatum
883 502 1082 553 emtum
1103 538 1118 565 ,
1146 484 1241 553 Sed
1270 496 1430 553 etiam
1460 496 1634 566 ipsum
1666 497 1883 567 angelu-

294 606 414 644 rum
443 591 723 645 Dominum
759 590 1037 646 nobiscum
1072 589 1269 646 festum
1298 604 1479 660 agere,
1507 590 1633 660 quid
1660 590 1755 646 tibi
1776 589 1886 661 jam

292 684 451 738 deest
489 681 555 737 ad
589 681 864 737 lzetitiam?
886 681 1055 737 Nemo
1082 681 1152 737 ob
1172 690 1542 753 paupertatem
1572 680 1733 737 hodie
1756 696 1890 737 mte-

293 785 413 830 stus
438 784 554 830 esto
586 793 599 830 :
631 775 921 844 spiritualis
941 775 1137 846 quippe
1165 784 1249 831 est
1276 775 1579 832 celebritas.

370 850 555 920 Mensa
576 865 780 921 Domini
819 866 1026 935 perinde
1051 882 1297 937 pauperes
1324 876 1474 938 atque
1497 867 1674 921 diuites
1697 865 1877 921 admit-

294 958 374 1009 tit.
399 986 470 997 --
493 955 662 1012 Nemo
699 956 849 1010 dives
885 955 955 1011 ob
992 955 1296 1012 divitiarum
1323 958 1532 1027 copiam
1558 957 1842 1012 extollatur
1871 976 1885 1012 :

295 1051 427 1105 nihil
453 1051 595 1106 enim
633 1050 974 1120 pecuniarum
1012 1050 1079 1105 ad
1123 1050 1226 1107 hoc
1271 1050 1466 1106 festum
1508 1049 1701 1107 aﬂ'erre
1727 1050 1886 1106 valet.

294 1144 356 1200 In
383 1144 622 1199 externis
647 1144 843 1215 quippe
866 1143 1311 1210 solemnitatibus,
1352 1144 1441 1200 ubi
1485 1144 1651 1199 multa
1697 1158 1887 1214 pompa

292 1248 353 1292 et
398 1244 716 1306 apparatus,
764 1236 955 1306 ingens
995 1250 1200 1292 mensae
1240 1236 1441 1302 lastitia,
1465 1235 1586 1305 jure
1615 1249 1814 1305 pauper
1835 1234 1888 1288 in

294 1340 532 1381 maerore
566 1336 622 1381 et
661 1326 950 1393 anxietate,
982 1325 1133 1382 dives
1179 1327 1232 1381 in
1274 1326 1544 1395 voluptate
1587 1336 1643 1381 et
1685 1325 1886 1380 laetitia.

298 1416 513 1481 Quare?
556 1416 690 1487 Quia
723 1417 814 1473 ille
844 1417 1123 1488 splendida
1151 1426 1299 1473 veste
1325 1418 1590 1483 amicitur,
1616 1426 1671 1472 et
1697 1415 1888 1470 lautio-

294 1525 413 1565 rem
444 1523 685 1565 mensam
710 1511 963 1580 apponit;
994 1524 1199 1581 pauper
1219 1523 1348 1565 vero
1377 1510 1553 1579 inopia
1581 1507 1887 1577 impeditur,

294 1602 586 1671 quominus
610 1601 860 1657 eumdem
886 1601 1070 1656 luxum
1098 1610 1349 1657 ostentet.
1382 1602 1480 1657 llic
1510 1616 1640 1656 vero
1661 1600 1792 1655 nihil
1817 1600 1890 1655 si—

295 1692 463 1757 mile;
507 1690 604 1747 sed
647 1692 735 1747 illa
775 1691 953 1747 omnis
989 1692 1324 1762 inazqualitas
1355 1694 1544 1758 abest;
1573 1706 1677 1746 una
1705 1705 1889 1746 mensa

292 1782 449 1838 diviti
479 1791 535 1837 et
563 1782 805 1853 pauperi,
832 1797 991 1839 servo
1013 1791 1070 1838 et
1095 1782 1284 1838 libero.
1324 1781 1382 1838 Si
1429 1783 1579 1838 dives
1614 1783 1710 1847 sis,
1756 1780 1891 1835 nihil

296 1874 419 1944 plus
461 1873 680 1930 habebis
718 1888 876 1944 quam
915 1888 1146 1944 pauper;
1196 1873 1242 1928 si
1286 1888 1505 1943 pauper,
1548 1873 1678 1927 nihil
1717 1874 1892 1930 minus

296 1983 460 2037 quam
481 1967 630 2022 dives
662 1984 679 2022 :
706 1981 879 2037 neque
906 1977 1124 2038 propter
1149 1968 1422 2037 penuriam
1447 1969 1738 2038 spiritualis
1765 1984 1893 2025 con-

295 2062 426 2116 vivii
452 2061 657 2116 lautitia
683 2061 977 2116 minuitur:
1008 2062 1184 2116 divina
1209 2061 1405 2131 quippe
1430 2063 1598 2133 gratia
1626 2072 1745 2129 est,
1773 2079 1893 2132 qua:

298 2166 653 2222 personarum
700 2151 986 2207 discrimen
1028 2169 1136 2208 non
1184 2153 1421 2223 respicit.
1470 2153 1538 2208 Et
1578 2154 1704 2225 quid
1745 2154 1888 2221 dico,

290 2244 544 2301 eamdem
583 2244 801 2314 pauperi
842 2251 900 2299 et
932 2243 1084 2299 diviti
1117 2244 1311 2315 apponi
1336 2246 1617 2300 mensam?
1643 2245 1708 2301 Ei
1731 2245 1893 2301 etiam

295 2335 390 2405 qui
421 2334 722 2390 diademate
745 2333 1026 2390 redimitur
1042 2343 1097 2391 et
1117 2350 1347 2406 purpura
1366 2337 1610 2401 vestitur,
1634 2347 1795 2408 atque
1815 2345 1896 2392 to-

297 2428 407 2482 tius
430 2426 576 2481 orbis
604 2426 887 2497 imperium
916 2426 1197 2493 obtinenti,
1223 2435 1277 2482 et
1305 2427 1528 2498 pauperi
1553 2427 1621 2482 ad
1646 2427 1885 2483 eleemo-

294 2533 491 2589 synam
525 2518 770 2585 sedenti,
813 2533 918 2573 una
961 2517 1248 2589 apponitur
1272 2533 1481 2575 mensa.
1526 2519 1673 2574 Talia
1698 2520 1896 2592 quippe

297 2618 430 2665 sunt
456 2610 599 2665 dona
629 2610 953 2681 spiritualia;
1001 2625 1114 2666 non
1155 2611 1502 2682 dignitatibus
1526 2627 1712 2668 eorum
1742 2628 1894 2668 com-

297 2703 596 2758 municatio
615 2744 633 2769 ,
662 2703 756 2759 sed
785 2703 1044 2759 voluntati
1073 2712 1128 2759 et
1157 2705 1431 2775 proposito
1466 2704 1735 2760 tribuitur.
1780 2706 1890 2760 Ea-

282 2796 430 2858 ,dcm
462 2794 685 2860 ﬁducia,
722 2795 911 2850 eodem
956 2794 1163 2851 honore
1197 2794 1495 2867 imperator
1517 2806 1573 2852 et
1602 2811 1803 2867 pauper
1826 2795 1895 2851 ad

302 2902 460 2941 usum
489 2895 543 2941 et
574 2886 1029 2955 participationem
1067 2885 1368 2942 divinorum
1401 2889 1778 2957 mysteriorum
1806 2903 1898 2943 ac-

299 2978 523 3033 cedunt.
567 2976 637 3032 Et
672 2976 799 3048 quid
825 2977 969 3045 dico,
1004 2977 1194 3034 eodem
1225 2978 1466 3035 honore?
1506 2979 1662 3049 Saepe
1696 2995 1898 3052 pauper

300 3086 431 3126 cunt
466 3070 656 3141 majori
684 3069 895 3125 ﬁducia.
943 3070 1153 3138 Quare?
1191 3070 1452 3138 Quoniam
1479 3069 1771 3141 imperator
1799 3088 1895 3127 ne-

300 3163 571 3232 gotiorum
613 3163 757 3217 curis
789 3161 1072 3229 distentus,
1101 3169 1159 3217 et
1199 3176 1419 3217 casuum
1455 3161 1755 3234 frequentia
1792 3164 1898 3219 cir-

300 3252 610 3320 cumdatus,
636 3253 788 3324 quasi
814 3253 866 3308 in
889 3253 1023 3308 mari
1042 3264 1286 3322 versans,
1309 3254 1386 3310 sic
1406 3254 1639 3325 undique
1657 3256 1899 3325 ingruen-

305 3346 457 3401 tibus
496 3344 747 3401 lluctibus
784 3345 1032 3415 agitatur,
1062 3352 1120 3401 et
1147 3346 1380 3415 peccatis
1408 3346 1590 3400 multis
1628 3345 1895 3408 foedatur;

305 3452 515 3507 pauper
551 3445 733 3493 autem
773 3436 840 3491 iis
884 3435 1186 3507 expeditus,
1229 3437 1403 3507 deque
1443 3437 1560 3491 solo
1597 3439 1900 3493 necessario

303 3528 565 3584 alimento
587 3528 872 3596 sollicitus,
902 3528 1130 3599 negotiis
1155 3542 1376 3583 vacuam
1403 3536 1458 3583 et
1476 3528 1711 3598 quietam
1736 3530 1898 3583 vitam

303 3622 538 3688 ducens,
563 3622 719 3691 quasi
750 3621 805 3675 in
845 3630 999 3691 portu
1035 3628 1092 3675 et
1128 3620 1182 3675 in
1220 3620 1508 3690 tranquillo
1534 3620 1654 3676 loco
1680 3620 1896 3689 sedens,

304 3731 432 3770 cum
458 3715 620 3770 multa
644 3714 841 3785 pietate
864 3715 930 3771 ad
950 3730 1192 3771 mensam
1219 3715 1417 3771 adstat.
1798 3714 1806 3723 ’

380 3809 438 3863 4.
462 3807 651 3880 Neque
679 3824 809 3864 vero
836 3808 960 3865 inde
987 3809 1183 3877 solum,
1214 3808 1309 3864 sed
1336 3810 1497 3866 etiam
1522 3808 1740 3866 aliunde
1762 3820 1900 3865 mea;

298 3901 451 3957 roris
472 3902 784 3957 occasiones
811 3899 1103 3957 offeruntur
1124 3902 1188 3958 iis
1210 3903 1300 3971 qui
1324 3903 1599 3958 saecularia
1634 3902 1767 3958 festa
1793 3902 1900 3957 fre-

304 4000 592 4063 quentant.
619 3990 731 4049 illic
753 3993 896 4048 enim
924 4008 1132 4049 rursum
1166 4008 1370 4064 pauper
1396 3993 1450 4048 in
1479 3994 1710 4059 tristitia,
1751 3994 1902 4049 dives

308 4085 367 4140 in
393 4084 588 4155 gaudio
613 4086 743 4156 agit,
775 4100 881 4140 non
912 4093 1115 4140 tantum
1141 4086 1213 4141 ob
1251 4101 1490 4141 mensam
1534 4086 1756 4156 ejusque
1784 4087 1902 4141 lau-

309 4178 505 4243 titiam,
534 4177 629 4234 sed
649 4179 809 4232 etiam
835 4178 905 4233 ob
932 4178 1250 4233 vestimenta
1274 4178 1570 4248 splendida,
1596 4187 1651 4233 et
1678 4180 1904 4234 amictus

311 4271 695 4341 praestantiam.
723 4270 875 4339 Quod
901 4280 1120 4341 propter
1145 4286 1404 4336 mensam,
1425 4270 1653 4341 idipsum
1686 4281 1904 4342 propter

311 4358 638 4416 'vestimcnta
695 4362 985 4431 patiuntur.
1039 4361 1175 4417 Cum
1222 4378 1423 4432 pauper
1465 4362 1682 4417 divitem
1711 4364 1906 4418 vestitu

312 4454 606 4524 fulgentem
630 4453 794 4520 videt,
817 4453 1006 4510 dolore
1053 4455 1342 4520 cruciatur,
1382 4470 1443 4511 se
1488 4455 1743 4510 miserum
1789 4456 1905 4510 exi-

310 4545 520 4611 stimat,
538 4546 663 4601 etin
693 4545 971 4600 maledicta
991 4546 1242 4615 erumpit.
1261 4545 1395 4601 Hinc
1406 4554 1584 4602 autem
1602 4545 1908 4616 hujusmodi

313 4650 521 4691 memor
573 4637 878 4692 eliminatur
908 4654 923 4691 :
956 4653 1061 4693 una
1104 4637 1301 4709 quippe
1336 4637 1585 4692 omnibus
1634 4639 1797 4693 vestis
1826 4645 1909 4693 est

312 4728 551 4783 salutare
580 4727 946 4783 indumentum
972 4746 985 4782 :
1013 4728 1210 4784 clamat
1236 4728 1433 4799 quippe
1452 4728 1648 4783 Paulus
1677 4728 1761 4783 his
1787 4744 1908 4788 ver-

312 4818 400 4872 bis
431 4835 447 4871 :
478 4816 790 4889 Quicumque
830 4817 882 4871 in
909 4817 1164 4873 Christum
1184 4818 1425 4889 baptizati
1462 4819 1600 4885 estis,
1652 4817 1909 4874 Christum

314 4908 557 4964 induistis
596 4907 740 4978 (Gal.
769 4910 825 4966 ’5.
853 4909 923 4963 27
958 4909 999 4981 ).
1028 4908 1106 4964 Ne
1134 4910 1314 4980 igitur,
1346 4926 1552 4979 quaeso,
1607 4909 1909 4980 lmjusmodi

311 5003 516 5056 festum
551 4999 989 5067 dehonestemus,
1031 5000 1127 5057 sed
1161 5001 1324 5072 digno
1372 5001 1537 5056 animi
1583 5016 1743 5057 sensu
1790 5017 1911 5067 quae

314 5093 479 5149 nobis
503 5093 641 5149 dona
669 5109 699 5148 a
725 5093 903 5149 divina
948 5092 1115 5164 gratia
1150 5093 1341 5149 collata
1372 5101 1524 5158 sunt,
1566 5090 1908 5162 accipiamus.

315 5185 403 5242 Ne
422 5185 667 5242 ebrietati
696 5196 751 5242 et
776 5186 915 5258 gula:
943 5201 1042 5242 nos
1070 5185 1349 5252 dedamus;
1379 5186 1473 5242 sed
1504 5187 1713 5241 Domini
1741 5185 1910 5240 nostri

315 5276 738 5332 muniﬁcenﬁam
766 5276 1045 5332 nobiscum
1099 5286 1428 5347 reputantes,
1483 5278 1625 5347 quod
1667 5277 1915 5332 videlicet

316 5369 439 5440 pari
490 5374 694 5426 honore
736 5369 930 5425 divites
973 5380 1029 5425 et
1071 5385 1353 5440 pauperes,
1398 5384 1581 5425 servos
1616 5379 1669 5425 et
1718 5371 1913 5426 liberos

316 5460 589 5534 habuerit,
610 5470 665 5516 et
689 5476 975 5518 commune
1003 5462 1250 5517 omnibus
1292 5462 1490 5517 donum
1521 5461 1785 5528 effuderit,
1816 5464 1913 5518 be-

316 5554 554 5608 neficum
586 5553 732 5609 illum
759 5553 976 5625 paribus
996 5570 1400 5609 remuneremur
1414 5554 1625 5620 ofﬁciis,
1655 5556 1724 5611 ob
1747 5556 1915 5611 bene-

316 5644 612 5700 volentiam
653 5662 811 5717 quam
852 5645 1094 5701 exhibuit
1153 5646 1306 5702 nobis
1339 5662 1354 5712 ;
1398 5663 1695 5717 congruens
1736 5657 1913 5701 autem

318 5751 521 5793 munus
543 5737 702 5794 fuerit
723 5739 845 5793 vita:
869 5738 1165 5794 institutum
1192 5740 1289 5809 ipsi
1312 5740 1580 5810 placitum,
1600 5743 1917 5811 animusque

319 5830 550 5901 vigilans
571 5841 626 5889 et
650 5830 953 5903 expeditus.
976 5828 1085 5886 lloc
1124 5829 1341 5897 festum,
1363 5832 1474 5887 lucc
1503 5832 1782 5889 celebritas
1810 5849 1913 5888 non

1522 380 1752 438 HOMIL.
1794 380 1863 437 ΙΝ
1898 379 2219 439 SANCTUM
2258 378 2545 439 PASCHA.

3488 394 3594 452 770

2000 498 2261 567 pecuniis,
2305 513 2411 553 non
2442 499 2742 569 sumptibus
2770 509 2909 572 eget,
2962 503 3063 561 sed
3089 505 3361 577 proposito
3391 516 3590 565 tantum

1999 598 2051 643 et
2098 604 2226 658 pura
2256 598 2454 644 mente.
2483 589 2622 644 Nihil
2651 590 2737 646 hic
2765 607 3084 662 corporeum
3129 597 3233 652 emi
3264 607 3457 669 potest,
3495 605 3588 656 scd

1998 680 2176 749 omnia
2224 681 2517 750 spiritualia
2549 685 2920 755 :eloquiorum
2962 688 3227 757 doctrina,
3274 707 3463 761 preces
3496 712 3592 764 pa-

1999 781 2162 839 trum,
2185 772 2484 829 benedictio
2504 776 2863 845 sacerdotum,
2882 779 3185 837 diviuorum
3207 792 3591 840 ctarcanorum

1998 864 2376 936 mysteriorum
2414 869 2743 936 communio,
2770 884 2874 940 pax
2900 882 2956 927 et
2994 873 3303 942 concordia,
3331 884 3385 930 et
3433 876 3591 945 spiri-

1998 955 2161 1009 tualia
2190 954 2349 1023 dona,
2381 957 2540 1028 digna
2591 958 2859 1031 largitoris
2899 963 3283 1019 muniﬁcentia.
3339 966 3593 1023 Cclehre~

1998 1062 2117 1102 mus
2145 1046 2304 1117 igitur
2325 1047 2425 1103 hoc
2454 1049 2666 1115 festum,
2699 1051 2751 1106 in
2778 1066 2884 1123 quo
2899 1055 3129 1109 surrexit
3151 1056 3429 1111 Dominus.
3460 1058 3586 1113 Sur.

1996 1138 2315 1206 rexitenim,
2338 1147 2390 1194 et
2415 1140 2603 1195 orbem
2622 1155 2803 1197 secum
2830 1144 3126 1199 suscitavit.
3162 1144 3231 1200 Et
3255 1146 3345 1202 ille
3372 1148 3589 1219 quidem

1998 1233 2250 1299 surrexit,
2300 1234 2489 1287 mortis
2510 1234 2735 1289 vinculis
2762 1235 3019 1307 disruptis
3048 1256 3062 1293 :
3090 1254 3186 1294 nos
3213 1250 3391 1296 autem
3423 1243 3592 1297 susci-

2000 1323 2148 1388 tavit,
2180 1332 2520 1394 peccatorum
2550 1336 2855 1381 nostrorum
2876 1329 3081 1384 catenis
3113 1329 3320 1386 solutis.
3345 1332 3591 1389 Peccavit

1997 1417 2190 1485 Adam,
2212 1427 2264 1474 et
2294 1430 2535 1474 mortuus
2550 1427 2663 1486 est;
2685 1418 2930 1477 Christus
2961 1437 3065 1477 non
3094 1425 3352 1493 peccavit,
3373 1435 3427 1481 et
3449 1442 3592 1481 mor-

1999 1520 2121 1565 tuus
2142 1518 2242 1565 est.
2266 1509 2373 1565 Res
2399 1525 2533 1565 nova
2564 1520 2618 1566 et
2643 1512 2928 1583 singularis
2953 1531 2966 1567 :
2990 1514 3077 1569 ille
3104 1517 3361 1584 peccavit,
3380 1526 3591 1572 etmor-

1998 1608 2123 1653 tuus
2145 1608 2229 1654 est
2251 1617 2265 1666 ;
2298 1599 2386 1655 hic
2408 1617 2511 1655 non
2539 1604 2798 1671 peccavit,
2827 1612 2880 1659 et
2902 1614 3142 1660 mortuus
3158 1616 3258 1661 est.
3283 1606 3392 1662 Cur
3417 1617 3469 1663 et
3490 1624 3593 1678 qua

1998 1689 2066 1746 de
2086 1705 2245 1745 causa
2270 1691 2294 1745 ?
2324 1690 2392 1747 Ut
2418 1692 2507 1761 qui
2538 1694 2777 1762 peccavit
2824 1704 2879 1750 et
2935 1706 3181 1751 mortuus
3211 1706 3315 1765 est,
3347 1714 3441 1768 per
3467 1701 3590 1754 cum

1998 1784 2089 1854 qui
2118 1801 2224 1841 non
2260 1785 2499 1856 peccavit
2518 1794 2573 1841 et
2599 1795 2842 1842 mortuus
2865 1797 2964 1854 est,
3001 1799 3180 1859 posset
3200 1806 3228 1843 a
3261 1792 3450 1845 mortis
3472 1792 3592 1845 vin-

1998 1876 2132 1930 culis
2164 1875 2397 1931 liberari.
2429 1876 2502 1931 Ita
2532 1892 2745 1948 quoque
2771 1894 2914 1949 smpc
2953 1880 3004 1934 in
3032 1881 3356 1951 pecuniariis
3391 1882 3587 1937 debitis

2002 1966 2117 2021 fieri
2146 1966 2283 2021 solet
2316 1984 2331 2021 :
2386 1966 2545 2022 debet
2575 1970 2835 2039 quiSpiam
2867 1970 3026 2026 alicui
3054 1982 3355 2042 argentum,
3387 1984 3442 2027 et
3478 1974 3589 2027 sol-

1998 2072 2126 2113 vere
2157 2046 2359 2129 nequit,
2391 2058 2618 2129 ideoque
2647 2060 3068 2131 apprehenditur
3100 2081 3112 2117 :
3145 2063 3280 2118 alius
3308 2080 3436 2120 vero
3458 2066 3591 2120 nihil

1999 2148 2222 2217 debetis,
2249 2149 2338 2219 qui
2363 2150 2621 2205 solvendo
2639 2165 2736 2220 par
2780 2160 2916 2220 erat,
2946 2164 3221 2209 numerata
3246 2156 3471 2224 pecunia
3500 2157 3593 2211 de-

1999 2240 2227 2294 bitorem
2268 2255 2299 2293 a
2349 2239 2580 2294 vinculis
2630 2240 2895 2295 liberavit.
2950 2242 3079 2297 Tale
3126 2244 3394 2313 quidpiam
3459 2247 3597 2301 inter

1999 2330 2263 2385 Adamum
2286 2337 2341 2385 et
2358 2329 2629 2385 Christum
2659 2332 2981 2386 intercessit.
3008 2332 3242 2388 Adamus
3262 2335 3599 2390 cratdehitor

2002 2428 2060 2476 et
2075 2422 2230 2476 morti
2256 2422 2535 2487 obnoxius,
2572 2431 2627 2478 et
2662 2423 3048 2479 detinebatura
3070 2424 3319 2479 diabolo:
3355 2426 3599 2481 Christus

2003 2534 2102 2575 nec
2122 2518 2369 2587 debebat,
2396 2536 2493 2575 nec
2514 2520 2852 2577 detinebatur
2879 2539 2893 2576 :
2926 2522 3069 2575 venit
3088 2531 3263 2575 tamen
3286 2532 3341 2576 et
3361 2521 3596 2577 debitum

2003 2612 2193 2667 mortis
2235 2613 2467 2682 explevit
2519 2627 2617 2682 pro
2662 2614 2841 2683 coqui
2879 2613 3218 2668 detinebatnr
3264 2624 3320 2668 ut
3367 2614 3516 2668 illum
3565 2631 3596 2668 a

2001 2704 2189 2758 mortis
2226 2702 2454 2757 vinculis
2504 2703 2777 2758 liberaret.
2825 2703 3074 2758 Vidistin‘
3127 2703 3381 2773 praeclara
3421 2720 3600 2759 resur-

2003 2793 2256 2847 rectionis
2302 2793 2504 2862 opera?
2534 2793 2771 2848 vidistin’
2810 2794 3021 2848 Domini
3062 2793 3440 2864 benignitatem
3465 2794 3488 2848 ?
3518 2795 3596 2850 vi-

2002 2885 2181 2941 distin’
2208 2886 2623 2956 magnitudincm
2650 2886 3041 2957 providentiaz?

2078 2975 2227 3030 Cibus
2244 2978 2609 3031 immoderatus
2631 2977 2885 3032 vitandus.
2902 3007 2970 3018 -—
2991 2977 3070 3034 Nc
3093 2978 3269 3049 itaque
3286 2980 3453 3035 simus
3473 2996 3596 3051 erga

2005 3077 2112 3122 tam
2147 3068 2443 3125 beneﬁcum
2484 3070 2696 3139 ingrati,
2730 3086 2901 3140 neque
2930 3071 3053 3142 quia
3082 3071 3340 3143 jejunium
3383 3083 3600 3142 printer-

2005 3159 2120 3227 ivit,
2166 3160 2441 3231 segniores
2465 3162 2791 3228 evadamus;
2822 3162 2915 3217 sed
2943 3178 3085 3218 nunc
3132 3164 3389 3235 majorem
3436 3181 3597 3235 quam

2005 3251 2232 3306 antehac
2284 3246 2478 3307 animte
2534 3262 2730 3307 nostrae
2775 3252 3191 3310 sollicitudinem
3238 3271 3505 3326 geramus,
3535 3273 3601 3313 ne

2005 3344 2243 3414 saginata
2272 3360 2433 3401 carne
2481 3345 2659 3400 anima
2689 3344 2951 3401 inﬁrmior
2976 3348 3067 3414 sit,
3114 3362 3182 3402 ne
3222 3348 3470 3403 ancillam
3500 3365 3565 3404 cu
3585 3378 3597 3389 ι

2004 3447 2208 3505 rantes,
2253 3437 2521 3492 dominam
2575 3439 2926 3510 negligamus.
2955 3438 3084 3506 Quze
3129 3441 3351 3508 utilitas,
3381 3421 3588 3510 quaeso,

2005 3528 2051 3581 si
2081 3527 2232 3582 obesi
2284 3527 2658 3598 dirumpamur
2708 3538 2764 3584 et
2807 3530 3024 3585 modum
3055 3529 3423 3587 excedamus?
3464 3533 3598 3587 lline

2005 3618 2150 3674 enim
2180 3628 2235 3674 et
2271 3633 2465 3689 corpus
2494 3619 2870 3687 labefactatur,
2916 3630 2971 3677 et
3013 3623 3191 3677 anima
3224 3623 3455 3682 ireditur.
3489 3624 3596 3680 Sed

2007 3720 2214 3767 tantum
2256 3728 2530 3768 sumamus
2562 3723 2817 3783 quantum
2850 3715 3148 3770 necessitas
3175 3718 3423 3785 postulat,
3468 3726 3524 3772 ut
3547 3727 3601 3772 ct

2007 3803 2199 3858 animm
2215 3812 2270 3858 et
2296 3804 2508 3874 corpori
2534 3815 2789 3874 quantum
2812 3806 3062 3860 convenit
3105 3805 3419 3875 tribuamus,
3444 3824 3510 3862 ne
3538 3826 3600 3863 ea

2008 3908 2128 3963 qua:
2172 3907 2239 3948 ex
2262 3893 2465 3963 jejunio
2482 3893 2890 3964 collegeramus,
2921 3894 3197 3950 confestim
3240 3895 3599 3953 ell‘undamus.

2012 3987 2163 4040 Anne
2190 3984 2448 4054 prohibeo
2490 3985 2592 4039 cibi
2631 3996 2685 4041 et
2734 3986 3077 4042 rccreationis
3105 3988 3303 4042 usum?
3341 3987 3456 4043 Non
3482 4006 3606 4058 pruo

2011 4076 2188 4143 hibeo,
2220 4077 2469 4148 inquam;
2516 4078 2611 4133 sed
2655 4078 2842 4134 hortor
2868 4088 2924 4134 ut
2952 4082 3323 4135 necessitatem
3353 4098 3420 4136 ne
3445 4076 3602 4137 cxce-

2010 4171 2221 4237 damus,
2245 4171 2570 4241 nimiamque
2593 4172 2917 4242 voluptatem
2943 4188 3265 4240 resecemus,
3293 4191 3358 4230 uc
3383 4177 3601 4230 modum

2011 4261 2367 4325 excedentes,
2414 4263 2607 4317 animae
2645 4264 2927 4319 sanitatem
2975 4263 3370 4320 labefactemus.
3421 4266 3605 4337 Neque

2012 4353 2158 4409 enim
2197 4353 2471 4423 voluptate
2521 4353 2725 4409 fruetur
2765 4355 2868 4418 ,ille
2893 4356 2980 4426 qui
3018 4356 3354 4412 necessitatis
3409 4358 3605 4412 limites

2013 4446 2339 4515 prtetcribit;
2368 4444 2529 4515 idque
2548 4446 2747 4515 optime
2775 4446 2951 4500 sciunt
2980 4447 3056 4500 illi
3086 4448 3175 4517 qui
3199 4448 3273 4502 rei
3306 4448 3597 4517 periculum

2014 4536 2258 4593 fecerunt
2289 4555 2302 4591 :
2325 4537 2634 4592 innumeras
2658 4538 2798 4591 enim
2821 4538 2921 4592 sibi
2947 4540 3256 4594 morborum
3280 4542 3488 4611 species
3514 4558 3604 4611 pe-

2015 4638 2289 4700 pererunt,
2320 4629 2617 4700 ingensque
2645 4638 2773 4684 sunt
2817 4629 3087 4685 fastidium
3109 4634 3370 4702 perpessi.
3404 4632 3603 4689 Verum

2016 4739 2123 4778 non
2156 4723 2363 4790 dubito,
2391 4724 2517 4793 quin
2557 4722 2947 4779 hortationibus
2972 4724 3108 4780 meis
3133 4740 3336 4782 morem
3365 4727 3602 4797 geratis:

2016 4815 2141 4871 novi
2167 4816 2309 4871 enim
2339 4829 2500 4883 quam
2529 4814 2883 4885 obsequentes
2909 4814 3045 4870 sitis.

2088 4909 2145 4964 5.
2166 4908 2524 4975 Quamobrem
2538 4906 2622 4962 hic
2639 4907 2796 4963 ﬁnem
2812 4907 3059 4964 hortandi
3082 4907 3280 4965 faciens
3297 4925 3607 4968 sermonem

2018 5011 2332 5054 convertere
2384 4998 2512 5054 libet
2564 4998 2632 5053 ad
2682 5013 2798 5063 eos,
2850 5000 2941 5069 qui
2973 5000 3027 5054 in
3076 4999 3175 5055 hac
3204 5002 3423 5059 lucifera
3448 5014 3610 5061 nocte

2018 5107 2162 5145 nono
2211 5090 2376 5146 divini
2415 5089 2747 5160 baptismatis
2774 5089 2974 5161 dignati
3003 5101 3163 5157 sunt;
3192 5092 3258 5148 ad
3289 5093 3382 5149 has
3413 5112 3607 5165 nempe

2021 5183 2269 5254 pulchras
2306 5182 2562 5238 Ecclesire
2614 5181 2840 5253 plantas,
2895 5182 2964 5237 ad
2993 5182 3153 5239 flores
3181 5186 3505 5254 spiritualcs,
3537 5189 3603 5241 ad

2021 5293 2189 5333 novos
2207 5276 2402 5331 Christi
2433 5275 2645 5329 milites.
2693 5274 3085 5332 Nudiustertius
3134 5279 3375 5333 Christus
3411 5279 3611 5348 pende-

2022 5370 2113 5425 bat
2141 5370 2192 5423 in
2239 5369 2429 5433 Cruee,
2472 5365 2569 5421 sed
2612 5381 2753 5421 nunc
2800 5367 3129 5433 resurrexit;
3161 5368 3350 5423 eodem
3398 5386 3611 5439 quoque

2021 5458 2184 5514 modo
2238 5458 2292 5512 hi
2350 5457 2732 5513 nudiustertius
2794 5470 2825 5509 a
2901 5466 3122 5527 peccato
3190 5458 3562 5513 detinebantur
3593 5501 3610 5527 ,

2021 5552 2117 5607 sed
2174 5565 2314 5606 nunc
2360 5566 2481 5606 cum
2527 5549 2739 5605 Christo
2782 5560 3225 5615 resurrcxcrunt;
3258 5551 3345 5605 ille
3379 5567 3611 5621 corpore

2022 5658 2265 5700 mortuus
2304 5652 2385 5699 est
2436 5655 2490 5698 et
2547 5643 2859 5709 resurrexit,
2900 5642 2952 5696 hi
3000 5657 3095 5711 per
3142 5651 3418 5713 peccatum
3461 5659 3606 5698 mor-

2027 5740 2100 5793 tui
2147 5745 2378 5792 crantct
2426 5751 2453 5789 a
2499 5744 2719 5807 peccato
2767 5744 3190 5789 resurrexerunt.
3224 5733 3387 5789 Terra
3437 5738 3614 5803 itaque

2031 5831 2129 5887 hec
2183 5841 2419 5890 tctnrmc
2472 5828 2609 5883 veris
2651 5841 2836 5891 rosas,
2891 5827 2995 5880 lilia
3026 5836 3075 5881 et
3124 5826 3256 5882 alios
3312 5828 3461 5883 nobis
3514 5829 3611 5881 ilo-
