4044 6374
475 369 570 429 771

474 504 560 541 res
617 482 820 556 profert
862 499 875 536 :
919 495 1068 550 aqua:
1120 485 1295 530 autem
1355 473 1512 527 hodie
1554 471 1667 542 ipsa
1715 480 1856 524 terra
1913 468 2072 538 longe

476 577 740 633 amamius
801 573 952 628 nobis
1014 577 1220 640 pratum
1277 567 1586 621 ostendunt.
1644 563 1753 618 Nec
1811 562 2070 627 mireris,

474 673 691 736 dilecte,
742 667 786 722 si
837 682 903 721 ex
953 663 1104 734 aquis
1130 669 1279 732 prata
1318 658 1540 713 ﬂoribus
1582 657 1834 712 distincta
1863 653 2077 725 prodie-

475 765 578 819 rint
599 761 678 836 (a)
700 779 714 816 :
735 773 905 830 neque
919 757 1061 813 enim
1087 765 1229 811 terra
1241 753 1307 808 ab
1327 751 1478 806 initio
1498 749 1792 806 secundum
1808 747 2075 818 propriam

474 868 722 913 naturam
777 852 1061 908 herbarum
1111 847 1347 920 germina
1391 843 1667 909 fundebat,
1713 841 1808 897 sed
1862 839 2076 895 Domini

474 951 636 1007 cessit
687 947 933 1018 imperio.
968 943 1100 1014 Ipsa:
1155 956 1306 1010 aqua:
1337 949 1462 993 tunc
1506 946 1654 992 motu
1709 934 1929 1006 prmdita
1956 933 2074 988 ani-

475 1042 632 1098 malia
660 1041 957 1110 produxere
978 1051 1099 1091 cum
1122 1032 1397 1088 audissent
1420 1048 1432 1084 :
1455 1027 1754 1082 Prodncant
1783 1041 1930 1096 aqua!
1949 1042 2071 1094 rep-

477 1137 588 1190 tilia
613 1135 902 1188 animarum
929 1129 1198 1184 viventium
1231 1123 1383 1197 (Gen.
1407 1123 1461 1177 1.
1487 1120 1581 1193 20)
1615 1139 1628 1174 :
1659 1135 1722 1175 ac
1753 1129 2078 1189 praeceptum

476 1231 529 1283 in
557 1239 692 1297 opus
716 1223 844 1280 exiit
877 1241 890 1276 :
918 1221 1204 1277 inanimata
1231 1214 1527 1272 substantia
1543 1213 1661 1266 viva
1677 1210 1924 1266 animalia
1951 1223 2080 1280 pro-

475 1320 615 1373 tulit.
645 1319 720 1372 lta
752 1331 895 1370 nunc
932 1326 1145 1382 quoque
1189 1307 1318 1362 illud
1345 1308 1519 1376 ipsum
1549 1311 1871 1374 prmceptum
1899 1299 2079 1354 omnia

475 1417 752 1478 operatum
775 1413 877 1461 est.
901 1404 1051 1458 Tunc
1071 1400 1223 1476 dixit,
1262 1397 1556 1451 Producant
1582 1391 1940 1464 aqiiwreptiiia
1963 1391 2079 1442 ani-

479 1515 678 1553 marum
706 1495 1019 1554 viventium:
1049 1504 1191 1546 nunc
1220 1498 1398 1543 autem
1448 1501 1554 1540 non
1594 1483 1824 1554 reptilia,
1859 1481 1952 1536 sed
1970 1481 2082 1550 spi-

482 1590 696 1648 ritualia
729 1589 868 1643 dona
906 1583 1148 1640 fundunt.
1184 1581 1336 1637 Tunc
1360 1595 1511 1650 aqua:
1538 1578 1711 1648 pisces
1733 1575 1956 1630 rationis
1981 1588 2078 1627 ex-

478 1690 659 1754 pertes
720 1677 1116 1750 profuderunt;
1177 1687 1322 1727 nunc
1370 1681 1550 1726 autem
1620 1667 1964 1723 rationabiles
2025 1673 2082 1719 et

478 1771 784 1844 spirituales
836 1769 1011 1840 pisces
1059 1765 1214 1820 nobis
1263 1769 1610 1834 pepererunt,
1665 1774 1800 1828 quos
1853 1755 2080 1827 apostoli

483 1852 674 1930 piscati
698 1864 839 1908 sunt.
867 1853 1065 1918 Venite,
1089 1853 1282 1922 inquit,
1309 1861 1420 1922 post
1449 1868 1549 1916 me,
1578 1859 1625 1906 et
1647 1851 1834 1919 faciam
1859 1867 1947 1906 vos
1968 1852 2075 1923 pis-

485 1956 684 2004 catores
704 1945 966 1998 hominum
993 1943 1208 2017 (Matth.
1236 1943 1290 1996 4.
1325 1941 1442 2012 19).
1472 1941 1652 1996 Novus
1681 1957 1810 1998 sane
1833 1941 2075 2012 piscandi

487 2039 699 2095 modus.
748 2037 879 2090 Nam
930 2036 1228 2105 piscatores
1269 2033 1504 2089 educunt
1547 2033 1720 2102 pisces
1748 2047 1814 2088 ex
1843 2035 1996 2105 aquis
2020 2042 2076 2091 et

485 2141 672 2200 captos
696 2136 926 2185 enecant
949 2145 963 2183 :
986 2142 1085 2182 nos
1110 2135 1286 2182 autem
1321 2127 1373 2180 in
1395 2139 1562 2196 aquas
1587 2125 1878 2195 injicimus,
1899 2135 1955 2181 et
1981 2127 2074 2196 qui

485 2219 770 2291 capiuntur
814 2219 924 2273 vita
954 2219 1240 2273 donantur.
1284 2216 1414 2272 Erat
1454 2216 1666 2285 quidem
1698 2217 1826 2272 olim
1855 2227 1910 2273 et
1935 2218 2077 2288 apud

477 2312 696 2368 Judaeos
724 2309 928 2382 piscina
953 2323 1140 2378 aqum;
1170 2321 1358 2362 verum
1382 2304 1530 2361 disce
1557 2304 1685 2375 quid
1717 2305 1804 2360 illa
1829 2307 2082 2374 potuerit,

478 2411 541 2458 ut
564 2402 723 2472 plane
740 2399 1032 2472 perspicias
1042 2397 1346 2454 Iudaeorum
1366 2396 1622 2467 inopiam,
1641 2405 1694 2450 et
1716 2395 1874 2450 simul
1899 2394 2084 2452 videas

480 2493 784 2549 ubertatem
837 2499 1097 2545 nostram.
1124 2487 1494 2554 Descendebat,
1519 2487 1710 2556 inquit,
1753 2487 1985 2558 angelus,
2039 2497 2087 2540 et

481 2583 713 2638 turbabat
737 2600 945 2654 aquam,
963 2591 1009 2637 et
1032 2582 1117 2654 qui
1146 2581 1288 2651 prior
1302 2579 1630 2634 descendebat
1651 2589 1764 2652 post
1781 2595 1924 2651 aqua:
1943 2596 2085 2634 com-

479 2677 800 2742 motionem,
848 2675 1116 2729 sanitatem
1157 2673 1552 2743 consequebatur
1593 2670 1829 2745 (Joann.
1880 2673 1934 2727 5.
1979 2673 2014 2728 4
2040 2671 2083 2744 ).

480 2769 767 2827 Descendit
792 2769 1104 2840 angelorum
1133 2767 1392 2822 Dominus
1421 2767 1473 2821 in
1505 2767 1753 2823 Jordanis
1775 2765 1994 2833 ﬂuenta,
2033 2775 2088 2822 et

479 2878 634 2933 aqua;
675 2871 920 2916 naturam
961 2859 1324 2925 sanctificans,
1355 2859 1664 2913 universum
1694 2859 1880 2913 orbem
1924 2873 2086 2913 sana-

479 2954 577 3008 vit.
604 2952 730 3008 Ideo
752 2953 861 3007 illic
886 2951 1101 3022 quidem
1136 2950 1181 3005 is
1217 2950 1306 3020 qui
1356 2958 1480 3020 post
1515 2949 1749 3019 priorem
1787 2948 2086 3004 descende-

479 3046 606 3112 bat,
633 3061 739 3100 non
770 3044 1058 3099 sanabatur
1081 3060 1096 3110 ;
1122 3043 1326 3098 Iudaeis
1365 3043 1563 3113 quippe
1605 3041 1833 3096 infirmis
1859 3051 1915 3097 et
1939 3041 2086 3096 humi

482 3137 797 3208 repentibus
823 3135 1131 3206 hujusmodi
1165 3134 1391 3189 dabatur
1427 3134 1598 3204 gratia
1626 3150 1642 3200 ;
1692 3134 1780 3188 hic
1809 3147 1942 3189 vero
1966 3141 2090 3204 post

485 3230 720 3302 primum
760 3226 1030 3282 secundus
1055 3225 1366 3294 descendit,
1395 3234 1518 3295 post
1559 3224 1855 3280 secundum
1897 3226 2089 3281 tertius

487 3331 545 3378 et
565 3329 790 3391 quartus
819 3335 834 3384 ;
861 3318 1076 3374 etiamsi
1102 3326 1388 3374 sexcentos
1417 3317 1641 3383 dixeris,
1670 3317 1880 3372 etiamsi
1919 3327 2088 3372 totum

485 3413 674 3468 urbem
721 3420 985 3466 terrarum
1037 3409 1091 3464 in
1123 3409 1237 3464 haec
1257 3408 1457 3463 ﬂuenta
1493 3409 1788 3479 spiritualia
1818 3409 2084 3479 inieceris,

488 3519 596 3559 non
624 3502 914 3558 insumitur
941 3502 1133 3572 gratia,
1159 3501 1360 3556 donum
1389 3515 1493 3556 non
1522 3501 1852 3568 exhauritur,
1887 3502 2089 3558 ﬂuenta

487 3611 594 3651 non
625 3595 916 3663 foedantur,
936 3594 1229 3650 liberalitas
1255 3610 1362 3650 non
1393 3594 1671 3649 minuitur.
1705 3593 1950 3651 Vidistin‘
1976 3611 2090 3651 ma-

487 3687 820 3760 gnitudinem
844 3687 970 3742 doni
995 3687 1019 3740 Ἰ
1042 3686 1236 3742 Audite
1271 3687 1361 3756 qui
1396 3686 1557 3742 hodie
1599 3685 1699 3743 hac
1739 3687 1974 3742 noctein
2001 3703 2090 3742 su-

488 3797 658 3852 perna
707 3779 1008 3836 Jerusalem
1049 3779 1198 3835 civcs
1245 3779 1500 3850 adscripti
1553 3780 1718 3847 estis,
1767 3789 1824 3836 ct
1872 3780 2088 3852 dignam

494 3872 860 3945 magnitudine
905 3872 1173 3928 donorum
1217 3871 1516 3927 custodiam
1564 3871 1848 3940 exhibete,
1877 3881 1937 3926 ut
1962 3873 2092 3927 ube-

491 3966 689 4022 riorem
715 3965 940 4036 gratiam
959 3963 1272 4020 attrahatis:
1293 3979 1416 4018 nam
1433 3972 1618 4035 gratus
1637 3964 1706 4020 de
1720 3964 1832 4035 jam
1859 3964 2090 4034 receptis

493 4059 704 4114 animus
751 4055 962 4112 Domini
1006 4056 1427 4112 munificentiam
1471 4065 1747 4128 provocat.
1798 4055 1916 4112 Non
1967 4055 2094 4112 licet

554 4152 628 4217 (α)
646 4160 715 4203 De
737 4163 917 4202 recens
938 4151 1195 4214 baptizatis
1213 4150 1392 4213 agitur.

1257 363 1312 418 S.
1353 359 1631 416 JOANNIS
1658 353 2136 414 CHRYSOSTOMI
2179 354 2498 411 ARCIIIEP.
2539 355 3073 414 CONSTANTINOP.

3669 360 3772 415 773

2189 465 2306 535 tibi,
2337 467 2550 534 dilecte,
2580 483 2791 523 rursum
2830 470 3174 541 quoquolibet
3215 472 3372 528 modo
3407 469 3586 527 vivere
3623 492 3634 527 :
3677 474 3765 528 sed

2185 557 2335 629 leges
2367 559 2462 614 tibi
2495 569 2549 615 et
2594 561 2804 631 regulas
2843 564 3160 631 przescribas
3185 605 3204 631 ,
3232 576 3290 620 ut
3319 576 3568 621 accurate
3592 570 3772 624 omnia

2186 653 2454 723 perlicias,
2490 661 2543 707 et
2565 670 2810 724 magnam
2833 657 3130 712 custodiam
3166 657 3420 712 adhibeas
3444 658 3603 713 etiam
3635 659 3775 714 circa

2186 759 2249 798 ea
2277 760 2397 815 qua:
2425 745 2561 799 levia
2601 755 2859 815 putantur
2896 762 3036 803 esse.
3071 749 3350 802 Certamen
3378 750 3574 818 quippe
3600 750 3776 804 lucta-

2183 851 2288 906 que
2315 843 2399 891 cst
2419 837 2597 904 omnis
2620 838 2729 892 vita
2773 853 3026 908 prasens,
3056 849 3112 894 et
3149 854 3244 894 eos
3282 840 3372 908 qui
3399 841 3565 894 semel
3589 842 3641 894 in
3672 841 3774 895 hoc

2187 929 2403 984 virtutis
2447 929 2622 984 stadio
2658 940 2783 985 sunt
2814 931 3043 1001 ingressi
3089 947 3209 986 sese
3250 933 3469 987 omnino
3496 934 3780 988 continere

2185 1037 2285 1092 par
2309 1030 2394 1076 cst
2420 1036 2438 1076 :
2470 1021 2650 1076 Omnis
2679 1023 2812 1076 enim
2835 1023 2923 1092 qui
2949 1023 3002 1076 in
3029 1039 3188 1093 agone
3217 1025 3494 1087 contendit,
3536 1026 3602 1077 ab
3624 1027 3781 1077 omni-

2185 1119 2275 1170 bus
2295 1133 2349 1171 se
2374 1117 2588 1172 abstinet
2623 1116 2641 1188 (
2678 1117 2731 1172 Ι.
2759 1117 2876 1171 Cor.
2910 1117 2966 1172 9.
2993 1116 3064 1172 25
3091 1119 3130 1187 ).
3174 1116 3289 1171 Νοη
3335 1117 3486 1172 vides
3529 1128 3782 1186 quantam

2189 1224 2243 1263 ιιι
2281 1210 2543 1282 gymnicis
2599 1210 2982 1265 certaminibus
3027 1210 3110 1264 sui
3148 1225 3334 1263 curam
3379 1208 3647 1274 habeant,
3701 1208 3786 1278 qui

2185 1317 2310 1356 cum
2362 1301 2672 1356 hominibus
2722 1311 2995 1356 certamen
3054 1310 3424 1368 susceperunt,
3484 1310 3788 1368 quantaque

2187 1395 2508 1449 abstinentia
2539 1410 2734 1464 corpus
2763 1395 3084 1449 exerceant?
3107 1392 3180 1449 Ita
3209 1403 3264 1449 et
3293 1393 3380 1447 hic
3406 1409 3466 1448 se
3492 1408 3582 1448 res
3603 1393 3790 1447 habet.

2186 1485 2318 1552 Quia
2377 1501 2484 1541 non
2537 1496 2620 1541 est
2686 1487 2841 1542 nobis
2890 1488 3198 1542 colluctatio
3243 1503 3366 1543 cum
3437 1486 3783 1544 hominibus,

2187 1579 2281 1632 scd
2365 1594 2488 1633 cum
2548 1579 2914 1648 spiritualibus
2981 1579 3274 1649 nequitize,
3328 1589 3514 1632 nostra
3577 1593 3788 1632 excrci-

2189 1672 2319 1726 tatio
2365 1682 2421 1726 et
2477 1672 2797 1727 abstinentia
2847 1671 3141 1742 spiritualis
3173 1672 3243 1725 sit
3287 1688 3300 1723 :
3346 1686 3468 1724 nam
3507 1679 3564 1726 et
3611 1684 3786 1734 arma,

2186 1767 2379 1838 quibus
2430 1783 2526 1822 nos
2583 1768 2751 1822 induit
2800 1767 3086 1831 Dominus,
3145 1765 3436 1836 spiritualia
3497 1773 3646 1818 sunt.
3691 1763 3790 1817 Ha-

2187 1859 2311 1914 beat
2359 1858 2516 1928 igitur
2544 1859 2731 1913 oculus
2779 1873 2906 1912 suos
2955 1857 3210 1912 terminos
3241 1864 3296 1911 et
3346 1855 3582 1925 regulas,
3611 1869 3686 1910 ne
3710 1863 3790 1910 te-

2191 1967 2340 2007 mere
2389 1952 2569 2006 statim
2621 1952 2674 2005 in
2715 1952 2929 2021 quaevis
2973 1951 3128 2006 obvia
3171 1950 3372 2005 feratur
3410 1965 3426 2003 :
3474 1948 3688 2004 habeat
3738 1957 3792 2002 et

2188 2044 2363 2113 lingua
2393 2058 2548 2097 suum
2577 2051 2785 2112 septum
2809 2085 2826 2107 ,
2855 2052 2912 2096 ut
2941 2058 3010 2098 ne
3053 2051 3286 2098 mentem
3334 2048 3666 2096 antevertat.
3713 2038 3792 2094 Id-

2183 2133 2329 2188 circo
2357 2133 2503 2188 enim
2535 2141 2588 2186 et
2615 2131 2804 2184 dentes
2849 2141 2904 2184 et
2949 2129 3084 2181 labia
3124 2130 3191 2182 ad
3236 2131 3430 2197 linguae
3474 2129 3775 2184 casu-diam

2184 2232 2362 2279 creata
2383 2232 2528 2287 sunt,
2551 2237 2619 2278 ne
2643 2236 2896 2291 umquam
2927 2221 3226 2276 inconsulto
3251 2236 3345 2287 per
3367 2222 3563 2273 ostium
3594 2234 3779 2274 erum-

2188 2325 2309 2386 pat;
2340 2316 2434 2370 sed
2467 2325 2750 2384 postquam
2795 2313 2971 2368 omnia
3019 2327 3136 2380 qua!
3176 2311 3243 2364 ad
3284 2326 3344 2364 se
3379 2312 3650 2379 pertinent
3679 2310 3780 2364 rite

2187 2406 2536 2478 disposuerit,
2570 2415 2699 2462 tunc
2728 2421 2849 2461 cum
2879 2404 3025 2460 omni
3069 2413 3259 2458 ornatu
3289 2411 3344 2457 et
3367 2402 3566 2456 decoro
3589 2414 3779 2469 proce-

2190 2500 2306 2567 dat,
2327 2509 2382 2554 et
2411 2499 2714 2568 huiusmodi
2744 2499 2981 2568 proferat
3010 2497 3196 2562 verbs,
3226 2504 3286 2549 ut
3305 2495 3398 2551 det
3423 2495 3653 2565 gratiam
3686 2507 3775 2547 auo

2194 2585 2465 2642 dientibus
2487 2625 2504 2653 ,
2525 2602 2696 2656 eaque
2736 2587 3020 2656 profundat
3042 2587 3186 2641 dicta
3215 2600 3335 2655 quae
3367 2585 3432 2638 ad
3463 2585 3684 2639 illorum
3715 2585 3791 2639 in-

2192 2679 2530 2734 stitutionem
2567 2678 2867 2734 conferant.
2890 2677 3134 2733 Solutum
3155 2691 3283 2731 vero
3309 2676 3476 2731 risum
3510 2674 3791 2731 declinare

2193 2785 2414 2841 prorsus
2462 2778 2712 2840 oportet,
2743 2771 3065 2840 incessuque
3109 2767 3351 2823 modesto
3381 2779 3480 2823 nec
3521 2767 3792 2822 concitato

2197 2871 2352 2917 veste
2393 2863 2683 2918 constricta
2713 2861 2926 2932 prodire
2957 2876 3055 2934 par
3095 2867 3214 2926 est;
3241 2865 3295 2912 et
3323 2858 3402 2912 sic
3446 2858 3597 2912 omni
3626 2857 3790 2911 modo

2191 2966 2314 3008 sese
2360 2953 2652 3008 concinnet
2695 2961 2908 3023 oportet
2951 2952 2998 3007 is
3041 2950 3134 3020 qui
3185 2949 3313 3004 huic
3347 2948 3561 3004 virtutis
3614 2947 3792 3002 stadio

2193 3059 2392 3098 nomen
2441 3044 2590 3100 dedit
2630 3062 2645 3098 :
2689 3051 2944 3100 externus
2985 3044 3132 3099 enim
3182 3040 3550 3098 membrorum
3597 3039 3790 3095 modus

2195 3135 2528 3205 compositus
2557 3144 2641 3189 est
2665 3134 2819 3206 quasi
2849 3135 3025 3205 imago
3049 3133 3324 3190 interioris
3353 3132 3548 3186 animae
3573 3139 3770 3186 status.

2267 3228 2321 3283 6.
2347 3229 2402 3284 Si
2445 3227 2515 3284 ad
2549 3227 2855 3298 huiusmodi
2895 3225 3335 3283 consuetudinem
3376 3239 3479 3280 nos
3519 3223 3591 3278 ab
3635 3223 3789 3278 initio

2193 3323 2653 3393 composuerimus
2678 3364 2694 3388 ,
2743 3321 2883 3377 facili
2919 3321 3176 3389 deinceps
3217 3317 3626 3390 progredientes
3664 3316 3786 3382 via,

2193 3415 2446 3470 virtutem
2477 3431 2691 3470 omnem
2733 3427 3137 3485 percurremus,
3178 3427 3276 3468 nec
3300 3411 3473 3466 multo
3508 3409 3788 3480 egebimus

2194 3505 2400 3573 labore,
2423 3507 2756 3576 multumque
2775 3503 2930 3560 nobis
2951 3503 3019 3560 de
3042 3504 3176 3559 caelo
3198 3501 3490 3560 subsidium
3520 3501 3788 3556 adscisce-

2194 3615 2336 3655 mus.
2389 3599 2480 3654 Sic
2527 3599 2670 3655 enim
2714 3597 2998 3669 praesentis
3052 3595 3178 3651 vitae
3220 3594 3414 3650 ﬂuctus
3463 3601 3581 3648 tuto
3609 3592 3788 3648 licebit

2197 3691 2599 3754 transmittere,
2657 3689 2972 3760 laqueisque
3025 3686 3224 3744 diaboli
3270 3685 3536 3757 superatis
3585 3695 3785 3740 aeterna

2195 3784 2334 3839 bona
2371 3782 2665 3853 consequi,
2699 3781 2868 3852 gratia
2903 3791 2959 3836 et
2996 3779 3325 3850 benignitate
3366 3776 3578 3832 Domini
3613 3776 3784 3830 nostri

2195 3875 2322 3930 Jesu
2349 3875 2585 3941 Christi,
2612 3889 2737 3929 cum
2766 3889 2873 3943 quo
2898 3873 3044 3928 Patri
3073 3871 3234 3926 simul
3261 3879 3316 3924 et
3345 3867 3564 3939 Spiritui
3603 3876 3784 3922 sancto

2196 3966 2396 4038 gloria,
2431 3965 2748 4036 imperiunm,
2778 3965 2948 4020 honor
2987 3977 3129 4022 nunc
3157 3971 3215 4017 et
3236 3975 3483 4032 semper,
3517 3969 3574 4017 et
3602 3959 3652 4014 in
3683 3972 3782 4014 sae-

2198 4057 2316 4113 cula
2347 4058 2692 4114 saculorum.
2724 4057 2919 4113 Amen.
