4044 6368
273 392 356 446 771

267 505 350 558 οὐν
375 501 442 573 γῆ
467 501 608 556 κατὰ
635 499 727 553 τὸν
757 499 945 570 καιρόν
970 499 1156 552 τοῦτον
1188 497 1284 552 τοῦ
1317 499 1474 573 ἐαρος
1495 499 1624 572 ῥόδα
1648 501 1741 553 καὶ
1774 500 1828 554 ία

267 585 501 642 καὶάλλα
530 587 663 656 ἡμῖν
697 583 975 636 ἐκδίδωσιν
1006 582 1171 652 ἄνθη·
1204 582 1272 635 τὰ
1303 583 1484 646 μέντοι
1530 583 1698 637 ὕδατα
1730 586 1828 654 σή-

268 685 422 741 μερον
449 668 548 738 τῆς
591 669 694 736 γῆς
720 668 1078 738 τερπνότερον
1113 668 1242 737 ἡμῖν
1285 667 1526 738 λειμῶνα
1569 668 1824 733 ἀνέδειξε.

263 755 366 808 Καὶ
395 753 468 824 μὴ
499 752 806 822 θαυμάσῃς,
839 751 1109 820 ἀγαπητὲ,
1142 753 1192 803 εἰ
1218 751 1326 804 ἀπὸ
1347 751 1455 804 τῶν
1482 751 1690 804 ὑδάτων
1720 751 1830 805 λει-

267 837 432 908 μῶνες
461 835 639 888 ἀνθῶν
667 834 1053 905 ἀνεδείχθησαν
1072 852 1087 864 ·
1118 835 1238 887 οὐδέ
1269 834 1378 906 γὰρ
1409 835 1466 900 ἐξ
1486 834 1662 905 ἀρχῆς
1693 837 1724 904 ἡ
1755 835 1826 904 γῆ

265 918 398 973 κατά
419 917 514 988 τὴν
541 917 748 971 οἰκείαν
770 918 933 986 φύσιν
959 918 1059 989 τὴν
1084 917 1319 988 βλάστην
1349 917 1582 982 ἐξέδωκε
1608 917 1717 969 τῶν
1739 916 1826 986 βο-

262 1003 451 1066 τανῶν,
482 1002 617 1055 ἀλλά
672 1002 752 1072 τῷ
784 1003 1116 1072 ἐπιτάγματι
1154 1004 1378 1055 είκουσα
1402 1001 1498 1054 τοῦ
1531 1002 1824 1056 Δεσπότου.

262 1087 364 1140 Καὶ
385 1085 450 1138 τὰ
476 1084 640 1137 ὕδατα
666 1084 723 1135 δὲ
755 1084 874 1136 τότε
896 1084 1007 1146 ζῶα
1041 1085 1268 1149 ἐξέδωκε
1304 1083 1617 1155 κινούμενα,
1637 1084 1823 1156 ἐπειδὴ

259 1170 496 1239 ἡκουσεν·
541 1167 908 1236 Ἐξαγ-αγέτω
929 1171 1000 1221 τὰ
1026 1169 1213 1222 ὕδατα
1238 1169 1453 1236 ἑρπετὰ
1483 1169 1700 1238 ψυχῶν
1727 1168 1828 1230 ζω-

259 1250 405 1306 σῶν⁶
438 1252 534 1304 καὶ
564 1251 626 1304 τὸ
658 1251 937 1319 ἐπίταγμα
970 1251 1130 1322 ἔργον
1157 1253 1392 1321 ἐγένετο’
1420 1255 1452 1323 ἡ
1499 1253 1699 1322 ἄψυχος
1735 1253 1829 1305 ού-

260 1334 342 1387 σία
369 1333 585 1402 ἔμψυχα
615 1333 730 1398 ζῶα
756 1334 1025 1399 ἐξέϐαλεν.
1050 1333 1205 1389 Οὕτω
1253 1334 1345 1387 καί
1364 1335 1456 1390 νῦν
1477 1335 1533 1388 τὸ
1555 1335 1681 1388 αὐτὸ
1703 1335 1826 1388 ἐπί-

258 1431 430 1487 ταγμα
471 1421 642 1472 πάντα
674 1419 986 1488 εἰργάσατο.
1011 1417 1144 1470 Τότε
1173 1413 1346 1470 εἶπεν·
1373 1417 1729 1486 Ἑξαγαγέτω
1753 1419 1819 1474 τὰ

258 1499 436 1552 ὕδατα
467 1500 685 1568 ἑρπετὰ
705 1499 923 1569 ψυχῶν
958 1497 1159 1559 ζωσῶν
1181 1515 1194 1528 ·
1223 1499 1315 1578 νύν
1360 1499 1417 1552 δέ
1446 1501 1564 1570 οὐχὶ
1598 1502 1822 1571 ἐρπετά,

261 1583 380 1637 ἀλλά
414 1584 759 1651 πνευματικά
797 1583 1106 1653 χαρίσματα
1155 1582 1407 1636 ἀνέδωκε.
1459 1583 1590 1636 Τότε
1636 1584 1824 1653 ἰχθύας

255 1663 468 1730 ἀλόγους
495 1667 736 1736 ἐξήγαγε
774 1666 845 1720 τά
883 1667 1077 1722 ὕδατα·
1117 1662 1211 1715 νῦν
1262 1661 1318 1714 δὲ
1349 1662 1536 1732 ἰχθύας
1575 1664 1823 1731 λογιπιοὺς

256 1747 341 1800 καὶ
368 1747 767 1816 πνευματικοὺς
796 1748 928 1816 ἡμῖν
956 1747 1221 1799 ἀπέτεκεν
1240 1747 1345 1802 ὑπὸ
1376 1753 1484 1802 τῶν
1509 1751 1826 1806 ἀποστόλων

233 1811 608 1889 κάλιευθέντας.
645 1811 848 1881 Δεῦτε*
872 1827 1000 1898 γὰρ,
1035 1831 1198 1899 φησὶν
1219 1870 1233 1893 ,
1297 1831 1489 1884 ὀπίσω
1516 1850 1635 1900 μου
1656 1872 1672 1896 ,
1717 1834 1819 1887 καὶ

250 1909 472 1974 ποιήσω
500 1909 660 1978 ὑμᾶς
684 1910 874 1976 ἁλιεῖς
907 1911 1248 1980 ἀνθρώπων.
1302 1913 1500 1976 Καινὸς
1522 1915 1689 1978 ὅντως
1722 1917 1821 1987 τῆς

251 1992 424 2056 ἀλείας
449 1993 655 2064 ταύτης
682 1995 710 2046 ὁ
739 1993 960 2065 τρόπος.
1010 1996 1073 2047 Οἱ
1129 1995 1236 2065 γὰρ
1268 1995 1572 2061 ἁλιεύοντες
1615 1998 1678 2052 ἐκ
1711 1999 1819 2053 τῶν

249 2073 445 2131 ὑδάτων
477 2077 800 2152 ἐκϐάλλουσι
861 2078 987 2140 τοὺς
1025 2077 1246 2149 ἰχθύας,
1292 2079 1386 2132 καὶ
1441 2080 1694 2152 νεκροῠσι
1749 2083 1818 2138 τά

247 2158 558 2230 ἀλιευόμενα
584 2175 598 2188 ⁸
626 2146 800 2230 ἡμεῖς’
819 2159 874 2214 δὲ
924 2163 1004 2224 εἰς
1033 2146 1100 2215 τά
1129 2159 1298 2214 ὕδατα
1332 2146 1693 2235 ἐμϐάλλομεν,
1722 2166 1818 2220 καὶ

245 2239 626 2310 ζωογονοῦνται
657 2245 707 2296 οἰ
742 2244 1099 2314 ἁλιευόμενοι.
1141 2240 1249 2298 Ἦν
1296 2245 1395 2316 μέν
1421 2264 1552 2301 ποτε
1599 2251 1694 2303 καὶ
1723 2251 1817 2304 ἐπὶ

243 2323 344 2378 τῶν
373 2325 640 2379 Ἰουδαίων
680 2326 1033 2399 κολυμϐήθρα
1067 2327 1216 2400 [756]
1247 2327 1468 2394 ὕδατος
1506 2332 1643 2386 ἀλλά
1677 2333 1814 2403 μάθε

242 2407 292 2459 τί
323 2407 561 2479 ἴσχυσεν,
589 2411 676 2465 ἵνα
694 2411 836 2482 γνῷς
859 2412 1106 2484 ἀκριϐῶς
1136 2411 1234 2483 τὴν
1267 2413 1540 2484 πτωχείαν
1572 2415 1671 2488 τὴν
1685 2417 1818 2470 Ἰου-

244 2488 444 2560 δαῖκὴν,
472 2492 571 2545 καὶ
605 2493 800 2548 εἰδέναι
835 2494 965 2566 ἐχῃς
991 2495 1081 2548 τὸν
1131 2494 1358 2550 πλοῦτον
1387 2497 1479 2551 τὸν
1523 2498 1811 2570 ἡμέτερον.

246 2572 575 2642 Κατήρχετο
595 2575 738 2642 ἐκεῖ,
779 2577 962 2648 φησὶν,
997 2577 1270 2648 ἄγγελος,
1292 2579 1392 2633 καὶ
1418 2578 1719 2648 ἐτάρασσε
1742 2584 1812 2637 τὸ

247 2653 410 2723 ὕδωρ,
431 2659 529 2711 καὶ
554 2662 589 2712 ὀ
611 2659 840 2726 πρῶτος
856 2663 1228 2715 καταϐαίνων
1241 2662 1392 2730 μετὰ
1412 2661 1528 2730 τὴν
1542 2663 1814 2733 ταραχὴν

246 2738 508 2808 ἀπήλαυε
530 2741 645 2809 τῆς
674 2743 1008 2811 θεραπείας.
1037 2744 1320 2814 Κατ-ἦλθεν
1362 2747 1391 2798 6
1427 2745 1538 2800 τῶν
1564 2747 1811 2815 ἀγγέλων

247 2820 509 2893 Δεσπότης
533 2826 617 2887 εἰς
635 2825 716 2879 τὰ·
739 2826 1030 2896 Ἰορδάνεια
1070 2826 1280 2897 ῥεῖθρα,
1315 2827 1410 2881 καὶ
1446 2828 1677 2896 ἁγιάσας
1701 2829 1810 2884 τῶν

247 2904 440 2960 ὑδάτων
468 2907 567 2979 τὴν
593 2908 756 2978 φύσιν
780 2912 958 2965 πᾶσαν
989 2911 1086 2982 τὴν
1111 2911 1434 2983 οἰκουμένην
1455 2912 1805 2982 ἐθεράπευσε.

246 2987 335 3040 Διά
364 2989 519 3044 τοῦτο
550 2993 671 3044 ἐκεῖ
705 2993 803 3062 μὲν
845 2993 982 3063 μετὰ
1002 2994 1093 3047 τὸν
1117 2995 1332 3066 πρῶτον
1367 2996 1396 3047 6
1420 2996 1660 3060 καταϐάς
1709 2999 1809 3051 οὐκ

246 3067 318 3152 ἐτι
336 3068 728 3143 ἐθεραπεύετο·
775 3075 1048 3140 Ἰουδαίοις
1075 3076 1184 3148 γὰρ
1212 3077 1411 3131 ἐδίδοτο
1444 3079 1477 3148 ἡ
1513 3078 1670 3152 χάρις
1696 3083 1810 3144 τοῖς

247 3151 532 3233 ἀσθενοῦσι,
569 3159 687 3220 τοῖς
710 3159 885 3229 χαμαὶ
913 3160 1263 3230 συρομένοις·
1300 3161 1531 3215 ἐνταῦθα
1575 3151 1632 3216 δὲ
1672 3164 1810 3233 μετὰ

244 3231 328 3287 τὸν
351 3239 561 3309 πρῶτον
597 3243 627 3294 6
658 3241 912 3313 δεύτερος
944 3243 1180 3310 κάτεισι,
1208 3243 1347 3313 μετά
1378 3243 1470 3299 τὸν
1501 3231 1751 3316 δεύτερον
1781 3248 1810 3300 6

242 3316 410 3387 τρίτος
439 3324 533 3376 καὶ
561 3323 820 3394 τέταρτος
837 3342 850 3354 ·
877 3325 981 3379 κᾶν
1019 3326 1247 3397 μυρίους
1268 3325 1447 3400 εἴπῃς,
1479 3328 1585 3382 κᾶν
1612 3329 1712 3400 τὴν
1739 3331 1810 3384 οἰ-

243 3402 499 3476 κουμένην
519 3407 740 3460 ἅπασαν
769 3408 1014 3480 ἐμϐάλῃς
1040 3411 1120 3472 εἰς
1160 3410 1228 3464 τά
1275 3410 1491 3480 νάματα
1538 3411 1712 3466 ταῦτα
1738 3411 1810 3468 τὰ

244 3489 597 3564 πνευματικὰ,
623 3491 723 3542 οὐκ
755 3491 1105 3544 ἀναλίσκεται
1131 3494 1163 3561 ἡ
1197 3491 1374 3564 χάρις,
1409 3493 1469 3545 οὐ
1504 3492 1809 3548 δαπανᾶται

243 3563 487 3648 ήδωρεά,
528 3573 592 3624 οὑ
631 3574 895 3641 ῥυποῦται
923 3575 991 3627 τά
1018 3575 1256 3646 νάματα,
1276 3563 1390 3628 οὐκ
1423 3577 1737 3632 ἐλαττοῦται
1769 3580 1803 3648 ή

243 3645 529 3720 φιλοτιμία.
556 3649 710 3717 Εἶδες
751 3654 979 3725 μέγεθος
1003 3645 1244 3728 δωρεᾶς;
1276 3657 1526 3711 Ἀκούετε
1554 3661 1605 3712 οἰ
1638 3645 1809 3729 σήμεζ

246 3742 331 3812 ρον
357 3733 447 3784 καὶ
469 3734 610 3787 κατά
641 3735 739 3805 τὴν
769 3735 937 3791 νύκτα
963 3738 1168 3809 ταύτην
1220 3740 1300 3803 εἰς
1328 3739 1425 3810 τὴν
1468 3739 1580 3794 ἀνω
1620 3741 1812 3812 Ἰερου-

245 3809 415 3884 σαλὴμ
447 3817 1030 3890 πολιτογραφηθέντες,
1082 3822 1174 3876 καὶ
1211 3809 1491 3886 ἀξίαντοῦ
1541 3809 1804 3893 μεγέθους

240 3893 339 3976 Τῶν
359 3895 575 3970 δωρεῶν
605 3901 703 3972 τὴν
730 3903 974 3974 φυλακὴν
1008 3903 1369 3969 ἐπιδείξασθε,
1403 3906 1489 3958 ἵνα
1519 3907 1613 3959 καὶ
1648 3905 1806 3976 δαψι-

242 3971 487 4062 λεστέραν
507 3982 607 4054 τὴν
634 3971 791 4055 χάριν
810 3971 1187 4058 ἐπισπάσησοε
1206 4004 1220 4019 ο
1241 3989 1273 4060 ἡ
1307 3988 1413 4058 γὰρ
1445 3989 1536 4042 ἐπὶ
1569 3991 1679 4052 τοῖς
1700 3971 1800 4062 ἤδη

242 4055 604 4135 ὑπηργμένοις
625 4069 1012 4143 εὐγνωμοσύνη
1039 4055 1138 4143 τὴν
1163 4055 1471 4144 φιλοτιμίαν
1494 4055 1802 4128 ἐκκαλεῖται

1410 382 1642 439 HOMIL.
1678 383 1746 439 IN
1784 375 2111 442 SARCTUM
2146 385 2425 444 PASCHA.

3393 394 3497 447 773

1925 501 2020 554 τοῦ
2051 503 2340 560 Δεσπότου;
2364 505 2477 560 Οὐκ
2508 504 2686 574 ἐξεστί
2717 520 2822 571 σοι,
2843 505 3114 575 ἀγαπητέ,
3136 504 3321 560 λοιπὸν
3351 506 3496 561 ἀδια-

1926 583 2108 655 φόρως
2137 585 2266 656 ζῆν’
2304 588 2440 642 ἀλλά
2473 588 2566 653 θές
2615 589 2799 658 σαυτῷ
2853 589 3052 658 νόμους
3102 590 3197 642 καὶ
3242 591 3496 652 κανόνας,

1926 665 2068 720 ὥστε
2126 669 2264 738 μετά
2311 670 2596 740 ἀκριϐείας
2633 671 2846 726 ἅπαντα
2906 671 3352 742 διαπράττεσθαι,
3405 676 3497 727 καὶ

1926 745 2252 828 πολλὴνῌτὴν
2277 752 2526 828 φυλακὴν
2568 755 2662 807 καὶ
2700 755 2828 824 περὶ
2857 753 2925 806 τὰ
2979 753 3246 826 ἀδιάφορα
3279 755 3493 826 νομιζό⁶

1927 845 2066 898 μενα
2094 824 2234 884 εἶναι
2256 824 2677 891 ἐπιδείκνυσθαι.
2739 836 2914 904 Ἀγὼν
2941 837 3050 907 γάρ
3077 824 3193 890 ἐστι
3224 839 3319 904 καί
3349 824 3497 908 πάλη

1925 914 2033 974 πᾶς
2064 917 2091 968 ό
2119 914 2308 988 παρὼν
2336 918 2468 987 βίος,
2500 920 2594 971 καὶ
2619 921 2745 984 τοὺς
2771 921 2829 972 ἐν
2860 920 2937 990 τῷ
2967 920 3165 992 σταδίῳ
3203 920 3377 990 τούτῳ
3399 922 3498 992 τῆς

1924 998 2125 1068 ἀρετῆς
2147 998 2292 1065 ἅπαξ
2319 1001 2655 1066 εἰσελθόντας
2681 1004 2946 1074 προσήκει
2974 1004 3150 1057 πάντα
3177 1005 3496 1074 ἐγκρατεύε-

1927 1081 2083 1134 σθαι·
2116 1081 2243 1147 Πᾶς
2271 1082 2380 1151 γὰρ
2408 1087 2441 1138 ό
2471 1083 2896 1154 ἀπονιζόμενος
2926 1086 3123 1139 πάντα
3152 1087 3498 1157 ἐγκρατεύε-

1923 1181 2038 1219 ται.
2063 1165 2173 1234 Οὐχ
2201 1166 2332 1236 ὁρᾷς
2359 1169 2417 1219 ἐν
2445 1171 2556 1230 τοῖς
2583 1170 2869 1238 γυμνικοῖς
2889 1168 3094 1235 ἀγῶσιν
3118 1169 3268 1234 ὅπως
3299 1171 3517 1242 πολλὴνν

1925 1246 2201 1300 ποιοῦνται
2229 1248 2325 1319 τὴν
2357 1250 2566 1302 ἑαυτῶν
2592 1250 2908 1320 ἐπιμέλειαν
2939 1252 2986 1304 οί
3012 1251 3150 1323 πρὸς
3179 1251 3499 1324 ἀνθρώπους

1924 1329 2022 1398 τὴν
2055 1329 2233 1400 πάλην
2258 1331 2658 1402 ἀναδεχόμενοι,
2686 1335 2781 1386 καὶ
2817 1334 2953 1404 μετά
2979 1335 3154 1405 πόσης
3173 1337 3500 1406 ἐγκρατείας

1924 1412 2022 1483 τὴν
2047 1413 2140 1465 τοῦ
2169 1417 2418 1483 σώματος
2460 1417 2694 1487 ἄσκησιν
2753 1417 3188 1484 ἐπιδείκνυνται;
3245 1419 3402 1474 Οὕτω
3434 1420 3499 1494 δὴ

1925 1495 2175 1548 ἐνταῦθα.
2220 1495 2436 1567 Ἐπειδὴ
2471 1499 2531 1551 οὑ
2572 1499 2708 1571 πρὸς
2743 1499 3065 1571 ἀνθρώπους
3111 1503 3247 1572 ἡμῖν
3282 1503 3430 1556 ἐστιν
3463 1505 3500 1556 ᾖ

1926 1578 2091 1648 πάλη,
2123 1578 2256 1630 ἀλλά
2284 1580 2420 1650 πρὸς
2439 1579 2509 1632 τά
2538 1583 2884 1652 πνευματικά
2910 1585 3011 1654 τῆς
3030 1585 3313 1655 πονηρίας,
3347 1587 3444 1637 καὶ
3465 1589 3499 1656 ἠ

1925 1661 2153 1729 ἄσκησις
2205 1662 2361 1732 ἡμῶν
2404 1663 2500 1715 καὶ
2537 1665 2570 1734 ή
2601 1664 2895 1736 ἐγκράτεια
2925 1667 3274 1739 πνευματικὴ
3326 1668 3497 1721 ἐστω’

1907 1744 2108 1819 ,ἐπειδὴ
2147 1746 2240 1798 καὶ
2267 1744 2336 1797 τὰ
2381 1747 2522 1800 ὅπλα
2559 1750 2737 1819 ἡμῶν,
2795 1751 2938 1822 ἅπερ
2976 1750 3124 1820 ἡμᾶς
3175 1749 3425 1804 ἐνέδυσεν
3469 1753 3502 1804 6

1919 1828 2218 1897 Δεσπότης,
2246 1831 2591 1898 πνευματικά
2620 1833 2903 1903 τυγχάνει.
2967 1835 3168 1905 Ἐχέτω
3200 1837 3378 1889 τοίνυν
3405 1838 3498 1890 καὶ

1918 1909 2194 1979 ὀφθαλμὸς
2218 1911 2377 1980 ὄρους
2401 1913 2496 1965 καὶ
2526 1916 2778 1979 κανόνας,
2802 1916 2943 1970 ὥστε
2967 1916 3044 1988 μὴ
3072 1917 3257 1981 ἁπλῶς
3292 1920 3495 1990 ἐπιπη-

1917 1991 2013 2062 δᾷν
2041 1995 2174 2046 πᾶσι
2208 1995 2321 2056 τοῖς
2369 1996 2804 2065 προσπίπτουσι·
2845 2001 2940 2052 καὶ
2975 2002 3008 2070 ή
3043 1999 3263 2068 γλῶσσα
3294 2002 3496 2070 τειχίον

1918 2075 2109 2146 ἐχέτω,
2151 2076 2292 2130 ὥστε
2349 2082 2423 2152 μὴ
2457 2081 2775 2151 προτρέχειν
2814 2083 2914 2151 τῆς
2943 2082 3199 2146 διανοίας.
3238 2084 3338 2137 Διά
3383 2084 3494 2155 γάρ

1916 2158 2077 2210 τοῦτο
2101 2161 2192 2213 καὶ
2217 2164 2264 2214 οἰ
2289 2164 2501 2225 ὀδόντες
2531 2165 2625 2215 καὶ
2648 2164 2716 2216 τὰ
2742 2165 2895 2235 χείλη
2925 2166 3060 2236 πρὸς
3081 2165 3180 2236 τὴν
3205 2167 3305 2236 τῆς
3330 2166 3496 2235 γλώτο

1914 2259 2016 2312 της
2043 2244 2343 2313 ἀσφάλειαν
2373 2245 2856 2317 δεδημιούργηται,
2889 2248 2977 2300 ἵνα
3016 2249 3285 2318 μηδέποτε
3307 2249 3495 2314 ἁπλῶς

1915 2327 2302 2382 ἀναπετάσασα
2334 2329 2434 2392 τάς
2462 2329 2631 2399 θύρας
2665 2331 2696 2399 ἡ
2729 2329 2953 2397 γλῶσσα
2975 2331 3116 2401 ἐξίῃ,
3139 2330 3252 2383 ἀλλ’
3274 2333 3498 2386 ἐπειδὰν

1915 2407 2097 2472 καλῶς
2126 2410 2195 2463 τὰ
2224 2411 2344 2465 καθ’
2363 2410 2560 2482 ἑαυτὴν
2589 2411 2769 2482 διαθῇ,
2797 2411 2921 2464 τότε
2955 2414 3094 2482 μετά
3123 2414 3306 2485 πάσης
3337 2415 3496 2468 εὐκο-

1916 2491 2082 2560 σμίας
2115 2494 2299 2567 προΐῃ,
2334 2494 2429 2547 καὶ
2457 2493 2684 2548 τοιαῦτα
2710 2495 2963 2566 προφέρῃ
3012 2496 3252 2566 ῥήματα,
3301 2495 3387 2550 ῐνα
3418 2497 3498 2568 δῷ

1912 2575 2076 2644 χάριν
2125 2579 2240 2640 τοῖς
2299 2577 2578 2640 ἀκούουσι,
2646 2579 2875 2631 κάκεῖνα
2926 2578 3250 2649 φθέγγηται,
3290 2580 3328 2634 ἆ
3358 2581 3496 2652 πρὸς

1912 2658 2200 2729 οἰκοδομὴν
2226 2662 2487 2715 συντείνει
2519 2659 2627 2714 τῶν
2653 2660 2984 2716 ἀκουόντων.
3006 2661 3118 2714 Καὶ
3139 2661 3231 2714 τὸν
3259 2662 3494 2718 ἄτακτον

1910 2742 1969 2795 δὲ
2007 2742 2222 2810 γέλωτα
2250 2745 2425 2815 πάντη
2467 2744 2736 2796 ἐκκλίνειν
2763 2744 2862 2809 δεῖ,
2895 2745 3067 2799 καὶτὸ
3097 2745 3336 2815 βάδισμα
3364 2746 3495 2818 ἦρε-

1915 2843 2014 2895 μον
2036 2826 2180 2895 ἔχειν
2210 2829 2304 2880 καὶ
2337 2827 2580 2899 ἡσύχιον,
2613 2828 2706 2881 καὶ
2741 2829 2839 2897 τὴν
2891 2827 3082 2896 στολὴν
3126 2829 3493 2899 κατεσταλμέ-

1912 2927 2030 2981 νην,
2063 2911 2156 2962 καὶ
2187 2911 2275 2964 διὰ
2314 2912 2532 2964 πάντων
2559 2910 2893 2975 ἁπαξαπλῶς
2933 2909 3288 2982 ῥυθμίζεσθαι
3329 2929 3493 2983 προσ-

1911 2993 2034 3063 ήκει
2063 2993 2153 3045 τὸν
2181 2995 2641 3066 ἀπογραψάμενον
2679 2997 2760 3058 εἰς
2788 2995 2849 3049 τὸ
2877 2996 2975 3066 τῆς
3004 2994 3208 3065 ἀρετῆς
3241 2995 3451 3049 στάδιον
3471 2999 3488 3028 δ

1911 3078 1945 3147 ἡ
1970 3076 2077 3148 γὰρ
2107 3077 2215 3131 τῶν
2249 3078 2426 3148 μελῶν
2452 3079 2561 3132 τῶν
2587 3077 2785 3142 ἔξωθεν
2811 3077 3034 3143 εὐταξία
3066 3077 3229 3132 εἰκών
3263 3078 3348 3142 τίς
3372 3081 3490 3134 ἐστι

1909 3159 2011 3230 τῆς
2038 3163 2096 3213 ἐν
2121 3164 2187 3231 τῇ
2222 3161 2367 3232 ψυχῇ
2399 3162 2804 3221 καταστάσεως.

1997 3243 2200 3307 ς’.Ἐάν
2213 3247 2290 3312 εἰς
2303 3249 2550 3319 τοιαύτην
2563 3241 2846 3313 συνήθειαν
2857 3246 2920 3306 ἐκ
2935 3245 3225 3320 προοιμίων
3265 3243 3491 3308 ἑαυτοὺς

1909 3329 2365 3399 καταστήσωμεν,
2397 3327 2502 3398 ὀδῷ
2526 3327 2832 3398 βαδίζοντες
2851 3327 3036 3380 λοιπὸν
3071 3327 3188 3397 μετ’
3215 3326 3489 3392 εὐκολίας,

1912 3410 2065 3484 [757]
2098 3412 2196 3482 τὴν
2228 3412 2430 3483 ἀρετὴν
2459 3413 2676 3466 ἃπασαν
2707 3411 3055 3480 διανύσομεν,
3084 3411 3178 3464 καὶ
3208 3411 3329 3463 οὐδὲ
3359 3410 3489 3463 πολ-

1909 3492 2004 3546 λοῦ
2038 3494 2202 3547 πόνου
2237 3494 2562 3565 δεησόμεθα,
2594 3495 2688 3546 καὶ
2714 3493 2912 3562 πολλὴν
2943 3492 3362 3561 ἐπισπασόμεθα
3389 3494 3491 3564 τὴν

1909 3576 2116 3630 ἀνωθεν
2146 3577 2339 3647 ῥοπήν.
2372 3575 2528 3628 Οὕτω
2554 3575 2664 3646 γὰρ
2690 3574 3030 3644 δυνησόμεθα
3059 3576 3152 3628 καὶ
3176 3576 3245 3628 τὰ
3268 3575 3490 3645 κύματα

1908 3658 2003 3711 τοῦ
2035 3660 2300 3730 παρόντος
2335 3659 2451 3728 βίου
2483 3659 2623 3730 μετά
2672 3659 2972 3728 ἀσφαλείας
3021 3658 3358 3728 διαδραμεῖν,
3392 3659 3487 3712 καὶ

1908 3741 2021 3794 τῶν
2044 3741 2140 3795 τοῦ
2195 3741 2440 3794 διαϐόλου
2489 3741 2730 3810 παγίδων
2780 3740 3040 3813 ἀνώτεροι
3094 3742 3486 3804 καταστάντες,

1910 3825 2018 3878 τῶν
2044 3825 2278 3879 αἰωνίων
2315 3824 2536 3894 ἀγαθῶν
2569 3827 2869 3905 ἐπιτυχεῖν,
2917 3825 3100 3895 χάριτι
3147 3824 3242 3878 καὶ
3294 3823 3485 3905 φιλαν-

1911 3908 2129 3980 θρωπίᾳ
2149 3908 2242 3962 τοῦ
2270 3909 2476 3981 Κυρίου
2500 3911 2532 3979 ἡ
2543 3908 2658 3978 μῶν
2694 3901 2868 3979 Ἰησοῦ
2893 3907 3150 3979 Χριστοῦ,
3181 3901 3378 3978 μεθ’οὕ
3407 3905 3485 3978 τῷ

1910 3993 2088 4063 Πατρὶ
2118 3991 2236 4062 ἃμα
2262 3991 2342 4063 τῷ
2375 3991 2517 4062 ἁγίῳ
2548 3990 2828 4062 Πνεύματι
2860 3991 3007 4058 δόξα,
3057 3993 3276 4063 κράτος,
3323 3991 3481 4062 τιμὴ,

1911 4074 2006 4130 νῦν
2029 4075 2124 4130 καὶ
2147 4075 2256 4144 ἀεὶ,
2281 4075 2376 4130 καὶ
2403 4077 2484 4139 εἰς
2519 4076 2646 4140 τοὺς
2673 4075 2874 4139 αἰῶνας
2894 4073 3002 4129 τῶν
3029 4074 3262 4130 αἰώνων.
3286 4075 3499 4145 ’Δμήν.’
