4044 6370
993 418 1059 473 lN
1100 418 1582 476 ASCENSlONEM
1622 420 1682 475 ι).
1724 418 1789 473 Ν.
1829 418 1877 474 J.
1924 419 1986 475 C.
2032 419 2117 474 ΕΤ
2154 416 2218 471 IN
2258 416 2553 474 PRINCIP.
2594 416 2754 475 ACT.
2793 416 2860 476 ll.

3444 422 3548 478 774

299 578 333 588 ,Α
346 578 375 587 -,
424 578 829 586 γΫκ-...οη-...αμ
1028 577 1059 581 το
1076 570 1775 599 α-ζζπᾜη
1864 580 1879 583 —
1916 578 1955 584 .—
2006 575 2677 583 ————-—————-————---
2694 577 3522 603 W3

298 592 555 603 -—.——-——m
576 594 585 597 -
693 594 726 598 .—

611 820 778 894 QUzE
821 818 917 878 DE
957 807 1479 880 ASSUMPTIONE
1520 808 1668 879 VEL
1724 817 1820 877 DE
1864 806 2324 879 ASCENSIONE
2367 807 2671 879 CHRISTI
2712 810 3211 881 INSCRIBITUR.

294 1012 494 1086 deinde
551 1030 800 1100 pluribus
828 1028 1151 1099 disquiritur
1186 1030 1311 1100 quis
1344 1031 1417 1087 sit
1450 1030 1612 1086 istius
1647 1018 1769 1086 libri
1807 1040 2016 1098 auctor,
2056 1031 2424 1103 probaturque
2455 1046 2579 1087 esse
2602 1031 2803 1087 Lucam
2841 1049 2855 1086 :
2886 1040 3076 1102 estque
3103 1032 3413 1089 dissertatio
3451 1032 3543 1087 illa

293 1136 426 1178 vere
461 1122 853 1192 Chrysustomo
891 1124 1091 1195 digna;
1133 1138 1309 1193 neque
1338 1121 1592 1178 dubitare
1628 1115 1773 1188 licet,
1802 1123 1858 1177 ui
1913 1122 2093 1187 fallor,
2120 1138 2241 1179 eam
2274 1123 2342 1179 ad
2374 1124 2653 1177 homiliam
2691 1124 2805 1192 jam
2842 1133 3199 1180 memoratam
3232 1125 3524 1194 pertinere.

294 1215 580 1270 Articulus
601 1230 819 1285 quoque
846 1232 1081 1286 sequens
1114 1231 1346 1271 numero
1383 1216 1450 1271 10
1478 1215 1796 1285 inscriptus,
1825 1215 1918 1271 ubi
1952 1217 2216 1286 quaeritur
2236 1215 2452 1285 quoties
2473 1216 2726 1271 Christus
2776 1225 2898 1286 post
2940 1217 3394 1272 resurrectionem
3443 1232 3528 1286 ap-

296 1306 564 1374 paruerit,
597 1306 843 1376 ejusdem
874 1308 1115 1363 bomilia:
1152 1307 1354 1362 lacinia
1391 1321 1512 1364 esse
1544 1307 1771 1362 omnino
1793 1307 2024 1373 videtur,
2060 1308 2163 1363 etsi
2193 1305 2334 1362 forte
2363 1322 2474 1361 non
2499 1308 2759 1363 continue
2789 1308 2963 1376 posita
2989 1306 3170 1363 fuerit.

369 1397 580 1453 Caetera
617 1400 802 1455 omnia
833 1416 898 1453 ex
927 1399 1094 1453 variis
1121 1398 1503 1468 scriptoribus,
1526 1409 1581 1455 et
1612 1399 1754 1453 forte
1788 1397 2049 1452 nonnulla
2077 1413 2141 1452 ex
2167 1395 2543 1467 Chrysostomi
2575 1397 2815 1452 homiliis
2843 1395 3096 1466 decerpta
3129 1406 3275 1451 sunt.
3328 1380 3544 1452 Titulus

301 1487 355 1542 iri
401 1488 771 1543 Ascensibuem
803 1489 1035 1552 Domini,
1068 1505 1174 1543 non
1198 1488 1264 1543 ad
1294 1498 1459 1544 totam
1484 1487 1787 1544 orationem
1815 1488 2086 1557 quadrare
2112 1494 2309 1557 potest,
2341 1487 2437 1541 sed
2468 1488 2536 1542 ad
2565 1487 2828 1557 quasdam
2863 1497 3069 1541 tantum
3106 1488 3252 1541 illius
3306 1488 3545 1556 particu-

297 1580 402 1632 las.
456 1577 787 1634 Prommium
821 1596 928 1635 non
960 1580 1201 1649 ineptum
1234 1588 1335 1634 est.
1372 1580 1430 1633 In
1471 1595 1623 1634 num.
1658 1579 1695 1632 2
1739 1592 1864 1633 cum
1890 1578 2023 1633 dicit
2050 1578 2402 1633 concionator
2438 1589 2493 1632 et
2537 1593 2597 1633 se
2628 1588 2682 1633 et
2708 1578 2986 1635 auditores
3039 1580 3182 1634 aeris
3221 1579 3541 1648 intemperie

298 1671 595 1740 impeditos
638 1671 807 1727 fuisse
826 1673 1121 1743 quominus
1160 1673 1517 1728 ascenderem
1559 1673 1613 1727 in
1657 1670 1897 1725 Montem
1947 1671 2235 1737 olivarum,
2288 1670 2493 1726 indicat
2535 1670 2845 1736 bomiliam,
2886 1680 2982 1726 aut
3019 1672 3122 1726 hoc
3157 1672 3349 1727 saltem
3387 1686 3552 1726 assu-

294 1774 569 1830 mentum,
591 1764 941 1835 Jerosolymze
961 1766 1163 1821 dictum
1188 1766 1377 1823 fuisse.
1396 1766 1454 1820 In
1478 1780 1704 1821 numero
1731 1766 1766 1820 5
1795 1765 2017 1830 dicitur,
2053 1764 2250 1819 lectum
2282 1761 2449 1818 fuisse
2473 1762 2564 1819 illo
2586 1762 2675 1816 die
2718 1763 2847 1817 illud
2873 1771 2939 1818 ex
2972 1764 3255 1835 evangelio
3276 1762 3502 1818 Joannis
3526 1782 3542 1818 :

297 1852 439 1908 Cum
471 1870 587 1908 sero
619 1863 753 1909 esset
783 1855 869 1908 die
897 1855 996 1909 illa
1039 1872 1145 1910 una
1178 1856 1525 1910 sabbatorum
1564 1865 1694 1921 ctc.,
1726 1870 1849 1924 quae
1881 1862 2030 1911 certe
2058 1855 2126 1909 ad
2157 1855 2510 1911 Ascensionis
2543 1856 2684 1910 diem
2712 1871 2824 1911 non
2861 1854 3171 1925 pertinent;
3228 1855 3281 1907 in
3320 1869 3554 1924 sequen-

294 1949 451 2003 tibus
481 1948 726 2003 numeris
758 1950 1010 2019 usquead
1033 1950 1322 2019 septimum
1351 1950 1418 2004 de
1446 1949 1547 2004 hoc
1574 1948 1847 2019 Evangelii
1869 1949 1990 2004 loco
2011 1948 2214 2018 agitur,
2235 1957 2288 2002 et
2311 1957 2495 2017 postea
2516 1949 2766 2019 pluribus
2796 1948 2864 2004 de
2904 1948 3280 2003 incredulitate
3305 1936 3551 2002 Thomas.

292 2042 543 2098 Numero
571 2044 602 2097 7
626 2045 813 2112 paucis
842 2044 909 2099 de
936 2046 1253 2101 ascensione
1278 2045 1492 2099 Domini
1513 2046 1712 2114 agitur.
1747 2042 2008 2108 Octavus,
2029 2058 2206 2098 nouus
2224 2051 2279 2097 et
2294 2043 2538 2099 decimus
2569 2055 2832 2099 numerus
2855 2045 2922 2098 ad
2949 2042 3227 2097 bomiliam
3249 2042 3547 2098 secundam

293 2137 357 2191 in
411 2136 825 2215 inscriptionem
854 2140 1086 2193 Actuum
1135 2140 1520 2209 Apostolorum
1552 2140 1805 2209 pertinet,
1838 2148 1896 2195 ut
1927 2139 2190 2195 diximus.
2217 2137 2520 2195 Undecimo
2558 2154 2788 2194 numero
2810 2142 2878 2194 de
2903 2139 3086 2194 divina
3122 2154 3304 2193 mensa
3348 2138 3550 2209 agitur.

311 2228 655 2283 Duodecimo
705 2229 771 2283 de
816 2228 1052 2299 Spiritus
1081 2232 1257 2286 sancti
1290 2232 1555 2289 descensu
1596 2233 1651 2287 in
1682 2233 1978 2302 apostolos.
2036 2231 2258 2286 Decimo
2304 2232 2464 2285 tertio
2510 2233 2777 2301 quaeritur
2832 2246 2943 2300 quo
2986 2231 3254 2299 baptismo
3300 2229 3556 2298 baptizati

291 2319 510 2374 fuerint
559 2321 792 2390 apostoli
830 2331 956 2377 ante
1010 2322 1333 2378 descensum
1376 2322 1616 2394 Spiritus
1650 2324 1846 2389 sancti,
1895 2331 1951 2379 et
1993 2322 2340 2378 concluditur
2374 2322 2677 2391 baptizatos
2730 2323 2901 2378 fuisse
2935 2323 3259 2391 baptismate
3303 2318 3553 2374 Joannis.

293 2415 531 2470 Decimo
562 2426 759 2486 quarto
788 2418 929 2472 idem
966 2428 1347 2488 argumentum
1380 2429 1663 2483 tractatur,
1687 2428 1741 2475 et
1769 2420 1950 2488 agitur
1990 2419 2222 2488 carptim
2270 2429 2457 2473 contra
2494 2419 2811 2473 Anommos.
2836 2418 2891 2472 lu
2925 2418 3133 2472 casteris
3167 2431 3380 2484 quoque
3420 2412 3547 2467 arti-
3584 2402 3587 2407 “

304 2505 458 2560 culis
486 2505 555 2560 de
587 2506 755 2561 variis
785 2506 969 2577 agitur
995 2509 1176 2575 rebus,
1198 2519 1251 2562 et
1269 2510 1349 2563 sic
1382 2509 1656 2563 clauditur
1687 2510 1775 2564 hic
1808 2519 1988 2575 cento,
2020 2526 2051 2564 a
2090 2509 2337 2565 Graeculo
2370 2510 2627 2583 quopiam
2658 2509 2825 2564 variis
2874 2526 2937 2564 ex
2971 2508 3106 2562 locis
3128 2506 3557 2562 consarcinatus.

290 2601 574 2657 Ceterum
613 2598 743 2655 Mss.
774 2600 915 2655 inter
944 2617 1004 2657 se
1024 2604 1276 2669 variant;
1310 2604 1363 2657 in
1392 2602 1560 2673 Regio
1580 2604 1725 2658 enim
1771 2603 1872 2658 abl

1973 2603 2174 2667 verbis,
2210 2603 2306 2657 καὶ
2334 2603 2654 2671 ἀναλήψεως
2687 2601 3058 2673 καὶδευτέρας
3092 2600 3413 2668 παρουσίας,
3438 2614 3561 2667 quae

292 2706 595 2746 numerum
632 2690 668 2743 2
696 2692 978 2759 claudunt,
1032 2710 1203 2765 usque
1236 2695 1303 2749 ad
1341 2696 1454 2749 haec
1477 2696 1637 2750 verba
1664 2713 1720 2750 ιι.
1754 2695 1807 2762 7,
1846 2697 1872 2750 δ

1977 2714 2003 2749 ε
2032 2694 2321 2765 ἀναδῶμεν
2351 2696 2429 2756 εἰς
2460 2693 2523 2749 τὸ
2553 2693 2678 2764 ὅρος
2705 2692 2800 2746 τοῦ
2834 2690 3061 2763 Κυρίου,
3087 2692 3272 2747 omnia
3306 2691 3503 2744 absunt
3541 2701 3553 2735 :

290 2802 370 2843 ac
401 2786 641 2842 vicissim
678 2787 820 2842 idem
850 2787 1049 2858 Regius
1071 2798 1192 2859 post
1233 2792 1349 2846 llaec
1396 2790 1560 2845 verba
1597 2807 1824 2848 numero
1858 2792 1872 2845 l

1993 2791 2108 2844 ἀλλ’
2156 2789 2346 2860 ὥσπερ
2369 2791 2467 2859 τῆς
2495 2790 2848 2852 ἀναστάσεως
2892 2789 3048 2858 ἔσχεν
3099 2789 3383 2859 μάρτυρας
3426 2790 3553 2851 τοὺς

290 2876 621 2948 ὀφθαλμοὺς
660 2880 770 2932 τῶν
833 2882 1113 2953 μαθητῶν,
1159 2883 1331 2950 οὕτως
1388 2885 1583 2950 αὐτοὺς
1635 2887 1872 2940 αὐτόπτα

1973 2889 2095 2941 ποιεῖ
2140 2889 2239 2957 τῆς
2287 2885 2626 2957 ἀναλήψεως,
2675 2897 2886 2959 septem
2915 2896 3106 2943 octove
3139 2889 3357 2960 paginas
3400 2888 3554 2960 quis-

290 2968 499 3045 quiliis
543 2970 728 3040 plenas
773 2973 982 3044 adjicit,
1023 2990 1146 3045 qua:
1171 2992 1277 3031 non
1310 2979 1515 3034 suntin
1550 2978 1932 3034 Ottoboniano.

1180 3631 1301 3713 IN
1352 3614 2163 3713 ASCENSIONEM
2214 3608 2643 3706 DOMINI

904 3805 1129 3851 NOSTRI
1169 3805 1320 3850 JESU
1349 3805 1626 3862 CHRISTI,
1672 3805 1752 3847 ET
1795 3803 1860 3846 IN

1973 3798 2276 3844 amemus:
2319 3797 2618 3840 sororum
2650 3796 2696 3838 ιι
2729 3788 2743 3818 ί
2790 3780 2890 3852 (α).

1748 3927 2112 3982 0W0

202 4126 205 4131 ς
363 4044 388 4113 1
407 4101 421 4115 .
443 4037 648 4114 Divitiae
661 4038 838 4124 nobis,
853 4068 918 4112 ac
933 4036 1581 4123 thesaurus,aetermeque
1594 4042 1721 4101 vitae
1751 4046 1873 4102 lon-

278 4140 375 4205 ies
406 4155 528 4202 stmt
555 4146 855 4201 Servatoris
878 4142 1192 4199 oeconomiae
1216 4183 1231 4210 ,
1257 4156 1390 4212 quas
1415 4151 1471 4196 et
1492 4154 1745 4196 enarrare
1772 4154 1869 4194 cu‘

283 4239 475 4310 pimus
513 4244 569 4290 et
608 4234 902 4305 praedicare
938 4232 1281 4297 festinamus;
1324 4245 1422 4301 pro
1460 4234 1652 4285 merito
1692 4238 1869 4283 autem

276 4327 566 4381 celebrare
602 4340 706 4378 non
731 4324 989 4378 valemus.
1019 4322 1216 4376 Verum
1238 4320 1504 4376 desiderio
1530 4321 1688 4388 capti,
1710 4328 1765 4374 et
1791 4318 1873 4373 in-

280 4403 602 4471 iirmitatem
623 4415 938 4469 conﬁtentes
964 4421 1218 4474 nostram,
1240 4410 1308 4464 ad
1336 4408 1697 4480 propheticam
1724 4409 1868 4463 illam

276 4519 502 4571 iocem,
524 4518 622 4559 ceu
644 4496 709 4557 ad
733 4502 1072 4573 tranquillum
1101 4510 1309 4570 portum
1334 4498 1667 4569 confugimus
1696 4516 1710 4553 :
1743 4498 1868 4564 Quis

276 4598 524 4665 loquetur
552 4593 799 4663 potentius
820 4575 1026 4669 bomtui
1043 4633 1058 4657 ,
1095 4591 1296 4645 auditas
1324 4591 1474 4659 faciet
1502 4605 1673 4643 omnes
1695 4587 1869 4642 laudes

273 4701 403 4751 ειιιε
436 4681 607 4751 (Ρεαι.
633 4674 752 4738 1Ο5.
781 4672 867 4752 2)?
891 4681 1022 4736 Nam
1049 4682 1092 4735 si
1119 4680 1341 4751 magnus
1364 4670 1452 4733 ille
1480 4678 1757 4748 propheta,
1785 4678 1869 4732 cui

274 4774 604 4828 abscondita
642 4782 696 4826 et
721 4765 929 4827 occulta
958 4759 1235 4841 sapientia:
1261 4786 1371 4825 sua:
1400 4769 1656 4826 revelavit
1684 4770 1824 4825 Deus
1848 4810 1864 4835 ,

276 4863 378 4933 qui
427 4862 673 4932 dignatus
698 4870 780 4915 est
802 4844 998 4915 Christi
1039 4870 1191 4929 pater
1218 4859 1398 4914 vocari
1422 4900 1436 4923 ,
1481 4859 1643 4913 Da'vid
1685 4854 1870 4913 beatus

276 4954 376 5007 ille
409 4958 462 5005 et
489 4965 711 5019 magnus
742 4951 794 5004 in
822 4950 1115 5020 prophetis,
1142 4946 1405 5017 gloriosus
1434 4948 1486 5002 in
1514 4948 1748 5019 regibus,
1774 4948 1869 5003 Dei

275 5043 516 5103 amicus,
544 5041 697 5111 cujus
720 5057 815 5095 cor
841 5032 977 5110 apud
1010 5041 1181 5110 ipsum
1213 5038 1500 5109 pretiosum
1526 5052 1640 5097 erat
1666 5082 1683 5109 ,
1712 5032 1785 5097 ita
1813 5038 1871 5096 ut

278 5135 409 5201 ipse
439 5132 575 5185 Deus
599 5131 802 5185 diceret
831 5148 845 5185 :
875 5128 1054 5184 Inveni
1086 5130 1252 5182 David
1290 5128 1456 5199 ﬁlium
1490 5129 1681 5198 Jess'az,
1709 5133 1870 5185 virum

277 5224 570 5279 7secundum
594 5239 682 5277 cor
704 5226 871 5277 meum
900 5222 1037 5291 (Act.
1076 5216 1162 5277 i3.
1189 5218 1313 5292 22);
1344 5222 1389 5277 si
1422 5222 1512 5277 ille
1541 5213 1657 5277 talis
1681 5237 1742 5277 ac
1764 5228 1872 5276 tan-

281 5322 415 5379 tus,
449 5310 863 5382 magnitudinem
900 5310 1095 5365 divinze
1119 5312 1437 5380 cognitionis
1466 5313 1755 5382 respiciens
1791 5311 1872 5366 di-

280 5403 449 5457 'ccbat
476 5418 489 5453 :
522 5401 773 5455 ﬁlii-abitis
796 5403 936 5472 facta
960 5405 1031 5454 est
1052 5401 1260 5454 scientia
1281 5412 1369 5454 tua
1388 5418 1450 5455 ex
1468 5418 1563 5465 me,
1587 5407 1870 5472 confortata

288 5502 374 5547 est
402 5532 418 5555 ,
451 5509 547 5544 non
586 5505 758 5560 patera
789 5493 856 5543 ad
895 5508 1006 5544 eam
1051 5491 1220 5561 (Psal.
1253 5492 1373 5547 158.
1403 5492 1456 5561 6)
1484 5510 1499 5557 ;
1539 5493 1583 5547 si
1617 5494 1870 5562 propheta

356 5582 375 5612 ι
394 5580 506 5630 md.
524 5588 639 5643 Reg.
658 5580 779 5630 1186
791 5583 861 5629 sic
877 5579 1021 5643 effert
1038 5580 1251 5643 titulum:
1272 5579 1477 5643 Romilio
1492 5581 1543 5631 in
1563 5580 1873 5643 incredulitae

279 5649 389 5711 rem
412 5641 620 5701 Thomw,
639 5648 685 5692 ct
703 5641 1030 5692 ascanione":
1051 5642 1238 5691 Domini
1274 5641 1424 5692 nostri
1443 5648 1559 5693 Jesu
1580 5643 1759 5695 Christi
1773 5642 1873 5695 veri

278 5710 433 5826 {his}
450 5766 691 5826 exscripta
716 5776 778 5811 ex
965 5764 1281 5826 Ottoboaiano
1314 5773 1365 5815 et
1394 5761 1566 5815 collata
1597 5778 1706 5816 cum
1729 5764 1868 5816 codd.

440 5820 558 5874 2050
592 5820 763 5889 ('mme
789 5824 897 5874 ΙΗἹ
924 5824 962 5886 ),
988 5833 1038 5874 et
1058 5825 1169 5874 ΞΟὶῖ
1199 5827 1217 5887 (
1243 5840 1366 5875 nunc
1391 5826 1506 5876 1186
1527 5827 1569 5888 ).

1979 4042 2160 4101 deticit
2193 4044 2250 4110 ⁸,
2300 4043 2425 4098 dum
2474 4042 2765 4113 potentiam
2812 4042 2927 4112 ejus
2976 4044 3221 4113 respicit;
3265 4045 3310 4100 si
3356 4040 3553 4105 Paulus

1974 4135 2251 4205 theologus
2273 4136 2607 4204 emlcstisque
2632 4135 2717 4189 illa
2747 4134 2868 4189 tuba
2898 4135 3126 4202 clamat,
3156 4135 3200 4188 0
3228 4136 3440 4191 altitudo
3459 4140 3545 4193 di-
3574 4124 3579 4129 ’

1970 4229 2206 4281 vitiarunt
2237 4238 2285 4282 et
2309 4229 2571 4298 sapientia:
2596 4237 2643 4281 et
2675 4229 2895 4281 scientia:
2930 4226 3064 4293 Dei,
3091 4244 3241 4298 quam
3270 4228 3547 4301 incompre-

1972 4319 2236 4374 hensibilia
2272 4329 2389 4373 sunt
2405 4320 2605 4388 judicia
2637 4319 2747 4391 ejus
2770 4358 2786 4383 ,
2825 4326 2871 4372 et
2896 4318 3262 4388 investigabiles
3301 4320 3395 4373 uia:
3437 4321 3543 4390 ejus

1973 4410 2149 4480 (Rem.
2180 4411 2266 4463 11.
2308 4396 2430 4477 53)ὶ
2462 4412 2505 4464 si
2535 4410 2909 4479 prophetarum
2944 4417 2997 4463 et
3035 4410 3396 4478 apostolorum
3437 4411 3538 4464 lin-

1972 4514 2120 4570 guae,
2155 4509 2232 4554 tot
2258 4494 2454 4554 ﬂuenta
2485 4500 2790 4553 eminentes
2809 4538 2825 4562 ,
2853 4500 3045 4567 quibus
3076 4500 3277 4569 repleta
3314 4509 3397 4553 est
3424 4503 3545 4554 uni-

1972 4604 2128 4645 versa
2160 4599 2300 4644 terra
2326 4589 2628 4658 cognitione
2658 4589 2886 4653 Domini,
2914 4589 2983 4642 ita
3005 4597 3061 4642 ut
3083 4605 3218 4659 aqua
3244 4591 3408 4645 multa
3430 4606 3544 4645 ma-

1972 4683 2050 4735 ria
2079 4690 2312 4750 tegeret;
2343 4681 2388 4735 si
2418 4690 2559 4734 tanta
2590 4680 2817 4749 taliaque
2845 4667 3061 4733 ﬂumina
3088 4680 3354 4735 inllueutia
3376 4723 3391 4746 ,
3426 4697 3545 4751 qua:

1973 4772 2187 4841 pictatis
2231 4785 2379 4825 mare
2419 4771 2767 4832 constituunt.
2807 4785 2866 4823 se
2905 4770 3142 4838 superari
3175 4774 3404 4825 fatentur
3430 4814 3444 4834 ,
3491 4781 3544 4828 ut

1973 4861 2256 4915 ostendant
2291 4860 2407 4930 ejus
2435 4846 2523 4928 qui
2568 4852 2883 4928 praedicatur
2921 4858 3209 4929 potentiam
3243 4877 3256 4913 :
3288 4870 3433 4915 tanto
3457 4877 3545 4914 sa-

1974 4951 2186 5020 pientia:
2216 4952 2403 5022 pelago
2442 4951 2716 5021 proposito
2739 4990 2754 5014 ,
2799 4940 2924 5019 quid
2971 4965 3091 5004 esse
3132 4950 3395 5006 videbitur
3423 4969 3545 5022 per-

1973 5057 2131 5111 quam
2163 5043 2349 5111 exigua
2374 5042 2517 5097 verbi
2545 5032 2723 5096 stilla?
2758 5040 2947 5095 Verum
2973 5051 3184 5111 torpere
3209 5058 3313 5097 non
3352 5043 3503 5098 decet
3527 5085 3543 5106 ,

1974 5132 2182 5186 etiamsi
2207 5122 2271 5186 ad
2296 5120 2710 5203 magnitudinem
2745 5126 3023 5199 theologia:
3048 5132 3424 5200 reSpiciamns;
3452 5134 3544 5187 sed

1976 5221 2071 5275 Dei
2103 5223 2435 5291 propositum
2468 5220 2828 5290 spectantibus
2855 5220 3032 5274 divina
3058 5216 3297 5275 doctrina
3324 5222 3545 5280 fidenter

1974 5320 2057 5367 est
2083 5300 2345 5366 adeunda.
2375 5311 2597 5365 Praemia
2626 5310 2821 5380 quippe
2842 5324 2938 5365 sua
2962 5309 3101 5365 Deus
3127 5310 3411 5375 distribuit,
3439 5312 3545 5369 nou

1974 5417 2072 5469 pro
2116 5403 2371 5471 dignitate
2419 5404 2604 5454 eorum
2649 5417 2768 5470 qua:
2812 5399 3089 5466 dicuntur,
3128 5400 3219 5455 sed
3254 5398 3543 5458 secundum

1975 5493 2372 5561 prmdicantium
2397 5486 2666 5554 aﬂcctum,
2695 5497 2749 5543 et
2777 5488 3067 5544 secundum
3094 5490 3387 5543 auditorum
3410 5475 3541 5544 cari-

1976 5591 2157 5638 tatem.
2188 5584 2264 5636 Ac
2283 5580 2726 5651 quemadmodum
2755 5590 2928 5648 patres
2952 5580 3117 5650 prolis
3136 5588 3396 5643 amantes,
3420 5592 3541 5634 cum

1974 5674 2110 5730 ﬁlios
2135 5687 2259 5727 suos
2287 5672 2468 5727 vident
2488 5671 2862 5734 balbutientes,
2890 5679 2944 5724 et
2968 5670 3144 5725 verbis
3165 5668 3549 5743 claudicantes,

2042 5829 2059 5859 ι
2085 5836 2421 5888 uegiusnnus,
2446 5824 2773 5896 timur/icit
2791 5832 2836 5877 et
2862 5831 3032 5887 torpet.
