4044 6366
508 363 612 416 275

506 495 616 534 non
647 478 807 534 verba
831 477 1006 532 minus
1027 474 1302 528 articulate
1324 472 1528 541 prolata
1557 471 1870 541 respiciunt,
1894 468 1986 524 sed
2013 468 2089 522 af-

507 560 706 626 fectum
737 578 963 634 naturze,
993 568 1224 638 ipsisque
1253 565 1395 619 omni
1425 564 1693 619 rhetorico
1719 573 1973 633 apparatu
1993 605 2007 628 ,
2039 572 2092 616 et

509 661 878 734 philosophica
921 659 1246 712 sublimitate
1270 657 1552 725 jucundior
1572 666 1654 710 est
1685 656 1772 709 illa
1805 669 2090 724 puerorum

515 753 778 808 balbuties
811 750 934 806 :sic
955 761 1115 804 etiam
1146 749 1287 803 Deus
1311 763 1416 801 non
1459 747 1665 817 linguas
1703 755 1914 800 nostras
1950 746 2090 800 circa

511 846 832 917 theologiam
871 842 1269 908 balbutientcs,
1318 841 1412 896 sed
1456 855 1693 895 amorem
1741 838 2095 908 all‘eetumqne

508 946 752 990 nostrum
778 934 1017 1003 rca'picit,
1049 932 1299 1003 quoniam
1335 931 1436 985 fide
1459 929 1808 999 praedicamus
1835 937 1890 984 ct
1912 942 2095 982 amore

507 1028 869 1084 celebramus.
928 1025 1042 1079 Non
1074 1008 1249 1093 poiest
1283 1021 1425 1076 enim
1475 1021 1706 1076 humana
1741 1018 1921 1088 lingua
1952 1020 2098 1074 clare

506 1119 690 1190 loqui,
738 1117 834 1171 sed
879 1114 1138 1186 quidquid
1183 1114 1250 1168 dc
1294 1115 1402 1167 Deo
1439 1112 1701 1177 dicimus,
1753 1109 2098 1164 balbutiendo

507 1210 848 1281 proferimus.
895 1207 1108 1276 Quare?
1151 1206 1412 1273 Quoniam
1466 1204 1662 1259 Paulus
1704 1202 1820 1272 ipse
1855 1203 2094 1256 clamat:

508 1306 594 1360 Et
619 1313 761 1376 parte
783 1302 1127 1374 cognoscimus
1157 1309 1203 1354 et
1233 1315 1294 1354 ea:
1322 1307 1464 1370 parte
1489 1296 1847 1368 prophetamus
1877 1295 1953 1364 (1.
1973 1293 2095 1347 (.‘or.

509 1400 597 1454 15.
628 1397 708 1469 9).
738 1399 988 1450 Attamen
1010 1393 1219 1449 etiamsi
1254 1390 1629 1456 balbutiamus,
1662 1386 2098 1460 praedicationem

509 1492 660 1562 pacis
689 1490 846 1545 nobis
882 1489 1021 1544 Dens
1053 1486 1344 1540 commisit.
1378 1484 1736 1552 Quamobrem
1767 1482 1961 1536 clamat
1992 1479 2098 1534 lle-

508 1583 648 1637 saias
675 1598 689 1635 :
715 1579 782 1634 Et
805 1581 991 1651 lingua:
1009 1578 1266 1632 bulborum
1289 1576 1477 1631 discent
1499 1575 1635 1642 loqui
1655 1589 1829 1644 pacem
1852 1570 1900 1642 (1
1907 1571 1980 1625 sai
1988 1571 2097 1626 .52.

509 1675 592 1744 4).
626 1673 866 1744 Agedum
908 1684 1250 1726 communem
1303 1667 1517 1722 Patrem
1565 1665 1953 1732 Dominamque
2001 1677 2100 1715 no-

509 1777 681 1820 strum
713 1763 1070 1819 balbutientes
1100 1759 1281 1830 paucis
1313 1759 1652 1827 alloquamur
1675 1798 1690 1820 ,
1718 1755 1806 1823 qui
1847 1753 2099 1822 dignatus

508 1864 594 1912 est
617 1854 890 1925 discipulis
915 1853 1118 1920 dicere,
1155 1850 1372 1906 Puerult'
1403 1849 1580 1922 (Joan.
1611 1849 1699 1902 15.
1732 1847 1822 1916 ’55)
1865 1862 1879 1899 :
1911 1860 2032 1898 nam
2057 1843 2101 1897 si

509 1961 706 2019 pueros
742 1954 942 2012 vocat,
992 1943 1354 2001 balbutientes
1401 1955 1592 2010 pueros
1639 1939 1796 1993 feret.
1838 1937 2101 2004 Quoniam

509 2054 637 2094 vero
663 2038 797 2092 dixit
825 2051 945 2092 eum
977 2044 1308 2103 assumptum
1335 2047 1458 2087 esse
1485 2033 1536 2085 in
1575 2030 1758 2095 caelos,
1783 2037 1838 2083 et
1873 2028 1958 2082 illa
1989 2027 2108 2096 ejus

507 2132 828 2188 celebranda
850 2130 1111 2185 Ascensio
1133 2127 1421 2199 praedicata
1446 2134 1549 2193 est,
1573 2140 1678 2180 non
1711 2132 1954 2192 tempore
1976 2137 2136 2177 con-.

509 2225 746 2280 cluditur
772 2223 966 2296 gratia,
999 2237 1175 2292 neque
1198 2220 1390 2276 diebus
1415 2218 1872 2275 circumscribitur
1895 2215 2106 2270 theolo-

583 2413 636 2466 2.
669 2407 1107 2480 Quandoquidem
1152 2414 1330 2460 autem
1357 2418 1480 2459 cum
1516 2401 1808 2458 ascendere
1841 2399 2110 2456 vellemus

513 2505 569 2558 in
599 2502 827 2558 Montem
871 2500 1131 2554 olivarum
1157 2540 1172 2562 ,
1203 2495 1480 2567 praepediti
1507 2508 1692 2548 sumus
1715 2533 1730 2558 ,
1763 2501 1822 2546 ut
1865 2491 2112 2548 Christus

513 2594 684 2660 novit,
715 2603 770 2649 et
792 2589 1122 2662 prepositum
1150 2596 1392 2642 nostrum
1417 2584 1660 2641 cohibuit
1678 2583 1818 2638 aeris
1845 2583 2110 2651 intempe-

512 2688 623 2742 ries
659 2694 713 2740 et
741 2681 923 2754 populi
965 2679 1262 2751 frequentia
1293 2678 1312 2749 (
1334 2677 1450 2733 haec
1475 2690 1636 2747 porro
1655 2675 1775 2730 dico
1801 2683 1859 2728 ut
1886 2688 2068 2729 eorum
2091 2711 2112 2741 ,

513 2780 604 2849 qui
642 2778 693 2833 id
727 2777 854 2832 mihi
882 2775 1012 2831 vitio
1037 2782 1248 2830 vertere
1275 2771 1506 2837 vellent,
1541 2768 1902 2839 suspicionem
1927 2767 2115 2838 praeci-

513 2869 684 2945 dam),
706 2869 957 2944 [cumque
977 2869 1239 2924 dictorum
1263 2863 1658 2920 multitudinem
1684 2861 2111 2925 considerantes,

515 2961 726 3018 dicendi
754 2961 860 3017 cito
885 2959 1043 3015 finem
1065 2957 1369 3022 fecerimus,
1393 2971 1460 3011 ne
1488 2953 1750 3010 dictorum
1777 2952 2114 3008 multitudine

516 3053 828 3108 memoriam
848 3060 1081 3106 vestram
1097 3049 1470 3112 obrueremus,
1491 3045 1651 3101 hodie
1671 3045 1906 3100 debitum
1937 3041 2117 3098 reddi-

517 3160 657 3201 mus.
676 3143 888 3199 Etenim
911 3143 996 3198 lex
1009 3142 1169 3212 jussit
1184 3142 1201 3172 ί
1219 3138 1241 3212 ]
1271 3155 1393 3195 eum
1409 3139 1500 3210 qui
1522 3139 1694 3208 primo
1713 3152 1897 3192 mense
1912 3137 2117 3191 Pascha

519 3253 631 3293 non
681 3236 1056 3300 celebrasset,
1086 3231 1323 3286 secundo
1369 3245 1556 3286 mense
1607 3230 1844 3286 debitum
1888 3230 2117 3284 solvere.

517 3328 666 3396 Opus
689 3335 868 3401 autern
893 3331 977 3378 est
1003 3333 1059 3378 ut
1078 3322 1278 3388 sciatis,
1300 3321 1522 3376 verbum
1536 3320 1626 3375 Dei
1645 3335 1749 3375 non
1768 3319 2117 3389 temporibus,

521 3433 629 3476 non
655 3417 843 3473 diebus
870 3413 1235 3470 circumscribi
1259 3429 1274 3478 ;
1307 3412 1400 3468 sed
1428 3411 1663 3483 quotidie
1690 3411 2119 3482 prardicationem

523 3511 811 3566 admittere
834 3508 902 3563 de
929 3522 1109 3574 cruce,
1132 3505 1200 3561 de
1228 3506 1498 3576 passione,
1521 3504 1589 3559 de
1613 3504 2030 3564 resurrectione,
2052 3501 2122 3556 de

523 3601 861 3665 ascensione,
891 3597 960 3653 de
987 3595 1222 3652 secundo
1258 3596 1510 3653 adventu.

597 3694 652 3747 3.
693 3693 931 3760 Cumque
957 3690 979 3720 '
1011 3703 1178 3759 pauca
1220 3704 1288 3743 ex
1333 3688 1527 3742 divinis
1583 3686 1762 3743 verbis
1795 3701 1915 3757 qua:
1963 3685 2122 3741 hodie

523 3785 660 3841 lecta
713 3791 837 3836 sunt
874 3787 1000 3834 ante
1049 3779 1506 3848 praelibaverimus
1531 3819 1547 3842 ,
1575 3793 1748 3848 exque
1801 3776 2123 3846 evangelicis

525 3874 762 3931 fontibus
785 3872 1140 3935 hauserimus,
1165 3870 1244 3933 sic
1263 3870 1328 3925 ad
1348 3870 1754 3940 promissionem
1778 3869 2118 3924 accedamus.

527 3968 658 4024 Cum
677 3982 789 4021 sero
815 3974 961 4032 esset,
984 3964 1066 4017 die
1092 3964 1210 4028 illa,
1237 3979 1339 4016 una
1369 3962 1714 4027 sabbatorum,
1745 3977 1859 4014 cum
1885 3961 2018 4030 fores
2042 3977 2122 4014 es—

525 4066 638 4115 sent
673 4058 860 4111 clausa:
899 4056 984 4109 ubi
1014 4065 1157 4109 erant
1182 4054 1423 4124 discipuli
1466 4053 1790 4124 congregati,
1815 4054 1948 4106 venit
1973 4051 2126 4106 Iesus

526 4150 706 4223 (Joan.
726 4145 958 4218 20.19).
981 4147 1055 4201 Ex
1083 4162 1189 4216 quo
1218 4146 1470 4200 Servatur
1495 4143 1943 4199 resurrectionem
1971 4143 2127 4196 nobis

525 4241 764 4313 paravit,
795 4253 919 4292 raro
956 4246 1219 4306 apparet:
1248 4236 1472 4305 aliisque
1523 4251 1554 4289 a
1606 4233 1880 4288 Dominica
1938 4233 2128 4288 diebus

526 4330 806 4402 discipulis
836 4344 955 4384 sese
984 4328 1224 4382 exhibet.
1256 4325 1714 4394 Quemadmodum
1737 4327 1878 4380 enim
1905 4325 2126 4395 singulis

526 4422 766 4478 sabbatis
812 4433 1136 4490 synagogam
1165 4417 1382 4481 adibat,
1409 4426 1468 4470 ut
1512 4416 1758 4486 impleret
1801 4416 1970 4486 legem
2006 4433 2019 4469 :
2049 4417 2128 4471 sic

529 4531 598 4570 ex
625 4527 733 4584 quo
755 4509 1202 4567 resurrectionem
1232 4509 1459 4578 paravit,
1481 4518 1530 4562 et
1556 4508 1744 4578 pignus
1770 4505 1968 4560 mundo
1991 4513 2129 4559 attu-

527 4604 610 4670 lit,
636 4604 723 4659 die
745 4602 1016 4658 Dominica
1042 4615 1302 4670 apparere
1323 4600 1548 4665 curavit,
1565 4613 1672 4652 una
1687 4595 2051 4659 sabbatorum,
2072 4609 2130 4651 ut

529 4703 733 4751 sancta:
755 4694 1046 4749 Dominicae
1076 4690 1482 4746 fundamentum
1504 4699 1742 4759 poneret.
1765 4687 1899 4744 Nam
1927 4703 2045 4759 qua:
2061 4687 2126 4741 ad

529 4787 747 4842 sabbata
781 4785 1112 4856 spectabant,
1135 4783 1295 4837 tinem
1317 4781 1604 4847 habebant,
1622 4791 1673 4835 et
1690 4780 1959 4834 Dominica
1991 4779 2128 4846 dies,

529 4877 737 4933 scilicet
759 4875 1199 4939 resurrectionis,
1233 4872 1439 4927 initium
1479 4871 1736 4937 ducebat,
1768 4879 1828 4925 ut
1868 4869 1937 4925 de
1963 4885 2132 4940 nuper

529 4971 688 5027 dictis
702 4971 754 5023 in
773 4968 1029 5024 memoria
1050 4966 1244 5022 tenetis
1260 4965 1414 5021 ’.Cur
1427 4964 1612 5019 beatus
1625 4964 1902 5018 Matthaeus
1914 4963 2132 5018 sabbata

533 5061 857 5128 inscribens,
880 5069 935 5116 et
957 5060 1128 5115 sacris
1155 5056 1448 5113 Dominicis
1476 5055 1610 5111 dans
1636 5054 1866 5118 initium,
1898 5054 2128 5120 dicebat,

543 5156 758 5226 Vespere
771 5150 1120 5206 sabbatorum?
1138 5149 1270 5218 Quia
1289 5147 1414 5204 linis
1430 5155 1564 5213 erat,
1583 5155 1636 5202 et
1650 5161 1872 5215 vespera
1894 5145 2129 5216 priorum

531 5249 897 5314 sabbatorum,
929 5245 1056 5311 Quae
1090 5243 1292 5297 lucescit
1333 5241 1388 5295 in
1424 5257 1528 5295 una
1566 5239 1885 5294 sabbatorum
1914 5238 2128 5307 (Matth.

531 5342 624 5399 28.
657 5341 736 5412 1).
763 5335 1027 5409 Apparuit
1047 5334 1206 5405 igitur
1231 5348 1354 5388 cum
1384 5332 1787 5398 resurrexisset,
1810 5346 1914 5386 una
1942 5330 2133 5386 sabba-

597 5455 612 5485 '
653 5451 880 5504 Ottobon.
907 5455 962 5500 et
983 5454 1101 5510 Reg.
1127 5444 1269 5510 497,
1293 5444 1401 5494 loco
1430 5443 1623 5510 illorum
1657 5457 1769 5508 quae
1806 5445 1996 5510 uncinis
2016 5458 2132 5494 οοη-

531 5515 810 5573 cluduntur,
828 5507 1089 5574 sequentia
1113 5507 1327 5574 eli‘erunt
1339 5520 1357 5574 _:
1383 5507 1732 5574 Muttitudinein
1761 5507 1992 5574 ridentes,
2018 5520 2131 5568 per-

533 5577 758 5628 solvendo
781 5566 960 5641 debit'o,
1003 5578 1057 5622 ut
1098 5570 1184 5636 qui
1220 5568 1436 5620 homines
1473 5569 1624 5619 simus
1646 5604 1659 5628 ,
1701 5567 1879 5630 fuimus
1900 5566 2130 5633 impares.

533 5639 716 5688 Etenim
736 5638 818 5688 lca:
831 5635 859 5688 1'
863 5635 987 5687 ubet.

531 5647 716 5690 mentm
736 5647 818 5688 tea:
830 5647 987 5690 Ῑηυει.

603 5649 1303 5750 ίηΐὲοκέσζέἔῖίεείᾶθηηωι·
1336 5692 1384 5741 in
1409 5692 1515 5742 cod.
1541 5694 1686 5756 Regio
1725 5692 1864 5752 2050,
1891 5705 2048 5756 usque
2071 5692 2130 5743 ad

537 5764 643 5814 haec
664 5762 832 5817 verba,
854 5773 903 5810 n.
937 5759 986 5817 'l,
1018 5757 1200 5814 Venite,
1224 5756 1560 5806 ascendamus.

613 5828 632 5858 ³
652 5827 735 5878 Sic
756 5838 785 5874 e
805 5823 920 5884 Heg.
948 5819 1087 5870 1089.
1113 5827 1164 5870 In
1196 5825 1266 5880 8.,
1291 5822 1522 5868 teneatur.

1306 356 1360 412 S.
1398 357 1678 414 JOANMS
1708 355 2192 412 CllliYSOSTUMl
2233 353 2548 410 ARClllEP.
2579 349 3118 408 CONSTANTINOP.
3665 356 3752 410 'l'lii

2203 479 2378 524 torum
2410 468 2526 538 ipso
2552 467 2638 523 die
2665 477 2864 522 sanctis
2887 467 3187 524 festivitatis
3219 470 3649 542 Resurrectianis,
3673 476 3746 526 Ja-

2201 563 2315 615 uuis
2334 561 2539 627 clausis,
2560 560 2643 614 ubi
2661 571 2803 613 erant
2820 560 3060 627 discipuli
3079 565 3362 632 congregati
3384 577 3580 635 propter
3598 580 3750 622 metuo:

2200 653 2520 720 Judtrorum,
2543 653 2674 706 venit
2689 651 2862 714 Iesus,
2885 661 2932 705 et
2953 653 3090 706 stetit
3110 653 3163 728 in
3184 655 3349 708 medio
3365 654 3539 727 (Joan.
3557 657 3635 713 20.
3660 661 3751 727 10).

2201 749 2407 818 Quippe
2437 749 2524 804 tthi
2554 757 2728 804 metus
2747 748 2921 814 adest,
2943 747 3159 803 advenit
3183 749 3248 816 is,
3273 751 3360 820 qui
3383 759 3574 805 metum
3601 751 3754 815 solvit;

2203 841 2291 896 ubi
2321 849 2608 911 tempestas
2633 840 2861 910 ingruit,
2891 838 3095 910 fulgent
3124 855 3191 896 ea
3214 856 3333 910 quae
3358 842 3761 910 tranquillitatem

2205 942 2422 1004 parant;
2452 931 2540 986 ubi
2566 932 2713 987 videt
2741 930 2990 1000 scapham
3022 930 3271 986 fluctibus
3297 933 3566 1001 agitatam,
3597 932 3760 1002 guber-

2205 1025 2450 1078 naculum
2496 1023 2732 1077 scientia:
2779 1022 2933 1077 affert
2961 1039 2975 1075 :
3009 1022 3298 1092 procellam
3329 1023 3517 1089 sedat,
3545 1025 3762 1092 scapham

2207 1133 2261 1171 In
2295 1115 2638 1184 tranquillum
2671 1115 2846 1169 locum
2877 1115 3062 1180 ducit,
3094 1115 3360 1186 ingruenti
3386 1115 3588 1171 timoris
3606 1116 3764 1170 morbo

2207 1206 2500 1260 remedium
2529 1205 2767 1259 adhibet.
2793 1204 2943 1259 Stetit
2970 1206 3025 1259 in
3051 1206 3240 1270 medio;
3253 1215 3310 1260 et
3335 1205 3461 1276 quid
3491 1206 3642 1260 dicit?
3672 1205 3767 1259 Pas

2207 1295 2360 1349 vobis.
2395 1295 2470 1349 Ne
2494 1294 2712 1349 ﬂuctuet
2755 1309 2908 1349 mens
2934 1305 3147 1362 vestra,
3188 1312 3256 1352 ne
3290 1297 3567 1352 turbentur
3597 1297 3769 1366 cogita-

2211 1387 2383 1440 tionvs
2411 1427 2428 1450 ,
2473 1401 2542 1440 ne
2591 1385 2949 1442 formidulosis
2997 1387 3408 1458 cogitationibus
3461 1389 3606 1459 quasi
3649 1389 3774 1444 bello

2207 1479 2526 1540 moveamini
2559 1497 2571 1531 :
2605 1477 2721 1533 Pax
2762 1481 2918 1534 vobis.
2949 1480 3055 1534 Pax
3087 1480 3283 1535 bellum
3315 1481 3382 1535 de
3414 1481 3590 1536 medio
3629 1481 3768 1544 tollit,

2207 1587 2408 1628 metum
2451 1573 2645 1638 solvit,
2673 1571 3005 1626 inimicitiam
3047 1572 3287 1627 eliminat
3317 1590 3330 1626 :
3361 1571 3480 1626 Pas:
3509 1573 3653 1626 nobis.
3681 1572 3772 1626 Pax

2208 1681 2238 1720 a
2267 1667 2374 1720 Deo
2404 1680 2546 1735 saape
2593 1664 2717 1718 data
2765 1664 3072 1719 hominibus
3096 1674 3179 1719 est
3203 1707 3218 1732 ,
3245 1675 3301 1720 at
3345 1682 3452 1720 non
3493 1665 3777 1720 auctoritate

2210 1761 2508 1830 praesentia:
2535 1767 2588 1814 et
2611 1774 2857 1829 persona:
2881 1774 3013 1825 suae,
3043 1759 3136 1813 sed
3167 1775 3264 1829 per
3285 1759 3528 1830 angelos,
3560 1774 3647 1828 per
3669 1771 3770 1826 pro-

2211 1851 2416 1923 phetas,
2446 1867 2542 1921 per
2565 1851 2740 1920 justus
2763 1867 2778 1904 :
2803 1851 2950 1905 solus
2973 1850 3244 1918 Servator,
3275 1851 3389 1920 ipse
3410 1863 3641 1920 przcsens
3659 1889 3674 1914 ,
3697 1863 3773 1916 pa-

2210 1957 2326 1998 cem
2355 1943 2521 1998 dedit.
2555 1943 2756 1997 Danieli
2798 1957 2901 2012 pax
2947 1941 3070 1997 data
3109 1951 3231 2008 est,
3263 1943 3358 1998 sed
3400 1959 3501 2013 per
3538 1943 3776 2011 angelum.

2214 2035 2368 2089 Visus
2399 2045 2480 2088 est
2515 2033 2719 2088 Danieli
2760 2034 2980 2103 angelus
3009 2041 3064 2087 et
3085 2033 3221 2088 dixit
3246 2052 3260 2088 :
3295 2032 3412 2088 Pax
3435 2034 3542 2097 tibi,
3569 2035 3638 2086 uir
3663 2032 3774 2084 desi-

2214 2130 2510 2195 deriorum,
2559 2129 2754 2197 fortiter
2800 2129 3111 2197 uiriliterque
3158 2143 3294 2198 age,
3345 2128 3595 2181 Dominus
3643 2135 3778 2180 tecm

2216 2222 2378 2293 (Dan.
2408 2221 2496 2274 10.
2530 2219 2643 2291 19).
2679 2219 2836 2274 Visus
2865 2228 2948 2274 est
2973 2235 3183 2289 quoque
3216 2219 3457 2274 cheoni
3483 2218 3780 2287 angelus,et

2215 2314 2352 2369 dixit
2381 2331 2394 2368 :
2430 2311 2546 2366 Pax
2571 2313 2658 2366 tibi
2689 2310 2842 2382 (Jud.
2869 2309 2922 2366 6.
2953 2310 3070 2380 25).
3093 2311 3280 2380 Angeli
3310 2311 3490 2380 itaque
3516 2325 3683 2379 pacem
3704 2307 3777 2360 de-

2216 2408 2430 2476 derunt,
2453 2407 2547 2463 sed
2570 2408 2806 2461 nondum
2836 2406 3094 2460 Dominus
3113 2405 3450 2474 angelorum;
3484 2418 3579 2474 per
3601 2401 3780 2456 nuntios

2217 2502 2382 2567 misit,
2409 2499 2550 2571 quod
2580 2499 2946 2570 evangelicam
2975 2513 3160 2568 pacem
3206 2498 3306 2552 sibi
3338 2504 3650 2552 reservaret.
3675 2494 3782 2550 Pro-

2218 2593 2394 2662 phcta:
2415 2607 2545 2646 vero
2574 2606 2696 2645 cum
2727 2605 2870 2660 saepe
2892 2590 2960 2644 ah
2982 2588 3188 2659 angelis
3217 2603 3403 2658 pacem
3444 2587 3779 2656 accepissent,

2219 2698 2404 2753 pacem
2445 2683 2697 2738 sitiebant
2725 2682 2890 2752 ipsius
2919 2696 3146 2752 persona
3180 2689 3235 2735 et
3270 2682 3587 2735 auctoritate
3609 2678 3778 2734 datam.

2221 2776 2345 2832 ldeo
2365 2777 2631 2832 clamabat
2661 2775 2901 2841 llesaias,
2924 2773 3143 2828 Domine
3168 2773 3306 2827 Deus
3335 2783 3528 2840 noster,
3559 2771 3781 2843 pacemda

2221 2871 2364 2924 nobis
2397 2868 2546 2941 (lsai.
2579 2867 2670 2923 26.
2705 2867 2798 2939 12)
2829 2887 2842 2923 :
2869 2883 2975 2921 non
3007 2882 3105 2936 per
3131 2866 3295 2930 alios,
3327 2865 3424 2920 sed
3458 2880 3555 2936 per
3581 2864 3777 2933 teipsum

2222 2976 2406 3033 pacem
2455 2960 2520 3015 da
2562 2960 2738 3014 nobis.
2771 2958 2972 3015 Deinde
2999 2957 3293 3013 secundum
3325 2957 3677 3026 precationem
3711 2967 3780 3006 re-
3866 2983 3870 2986 -

2223 3053 2444 3122 sponsio
2470 3050 2740 3121 profertur
2763 3069 2777 3104 :
2805 3049 2994 3104 Pacem
3018 3066 3180 3103 meam
3200 3049 3267 3102 do
3291 3049 3453 3103 vobis.
3487 3047 3678 3102 Etcum
3701 3044 3784 3096 hac

2225 3145 2432 3197 dixisset
2457 3184 2471 3209 ,
2502 3143 2719 3196 ostendit
2746 3142 2817 3196 eis
2845 3157 3026 3194 manus
3069 3150 3117 3194 et
3149 3141 3281 3194 latus
3311 3137 3508 3209 (Joan.
3541 3139 3624 3192 14.
3650 3135 3728 3189 27.
3750 3142 3784 3184 et

2223 3234 2314 3287 20.
2341 3233 2456 3304 20).
2482 3231 2940 3300 Quemadmodum
2982 3232 3128 3286 enim
3169 3231 3272 3285 dux
3303 3245 3335 3286 e
3359 3230 3505 3285 bello
3531 3239 3781 3287 reversus.

2228 3326 2536 3381 victricibus
2560 3325 2730 3394 plagis
2749 3333 2993 3390 ornatus,
3017 3324 3237 3377 vulnera
3264 3337 3371 3376 non
3402 3321 3789 3378 erubescit;sunt

2227 3420 2370 3473 enim
2417 3418 2502 3472 illa
2534 3417 2749 3472 coronis
2793 3417 2920 3486 ipsis
2946 3414 3307 3484 splendidiora
3337 3429 3351 3466 :
3383 3416 3466 3469 sic
3503 3424 3552 3468 et
3581 3412 3791 3468 Servatur

2229 3511 2450 3565 vulnera
2503 3524 2598 3578 pro
2637 3507 2893 3572 veritate,
2925 3516 2979 3561 et
3004 3521 3101 3576 pro
3128 3507 3396 3561 communi
3426 3522 3618 3576 genere
3641 3512 3791 3558 nostro

2229 3609 2447 3670 accepta
2488 3615 2594 3653 non
2624 3597 2792 3668 tegit,
2820 3597 2914 3653 sed
2961 3598 3202 3662 revelat,
3230 3605 3286 3651 ut
3313 3612 3464 3652 suam
3504 3597 3794 3653 demonstret

2231 3692 2618 3748 fortitudinem.
2670 3690 2916 3746 Ostendit
2951 3705 3142 3745 manus
3188 3691 3239 3744 in
3278 3689 3475 3758 quibus
3511 3698 3623 3761 erat
3658 3690 3793 3740 ﬁxura

2230 3787 2536 3850 clavorum;
2565 3783 2800 3839 ostendit
2824 3791 2879 3838 et
2916 3783 3058 3837 latus
3081 3824 3094 3846 ,
3122 3781 3264 3836 unde
3289 3781 3448 3836 nobis
3476 3780 3595 3835 fons
3621 3785 3789 3848 myste-

2232 3877 2433 3931 riorum
2477 3874 2778 3930 scaturivit.
2814 3873 3060 3928 Ostendit
3096 3887 3318 3940 manus,
3348 3881 3408 3927 ut
3455 3866 3797 3928 resurrectioni

2233 3968 2391 4022 fidem
2425 3968 2644 4032 faceret,
2661 3976 2719 4021 ut
2746 3968 3004 4021 certiores
3027 3965 3224 4020 faceret
3248 3979 3364 4030 eos,
3391 3965 3485 4034 qui
3507 3964 3792 4019 dubitarent,

2232 4075 2354 4114 eum
2382 4060 2470 4129 qui
2510 4073 2698 4127 passus
2729 4057 2901 4112 fuerat
2939 4057 3300 4111 resurrexisse
3324 4096 3339 4121 ,
3369 4069 3666 4127 corpusque
3691 4062 3796 4106 vere

2233 4163 2503 4206 mortuum
2526 4162 2579 4206 et
2599 4150 2864 4221 sepultum
2885 4150 3166 4204 revixisse.

2306 4245 2360 4298 4.
2391 4243 2563 4297 Gauisi
2587 4254 2702 4297 sunt
2730 4243 2968 4313 discipuli
2993 4244 3098 4296 uiso
3126 4242 3344 4296 Domino
3370 4240 3555 4310 (Joan.
3587 4241 3670 4295 20.
3700 4236 3794 4306 20).

2236 4333 2345 4388 Pax
2376 4333 2496 4387 data
2527 4345 2609 4389 est
2630 4376 2645 4401 ,
2673 4343 2851 4389 metus
2874 4332 3079 4388 solutus
3107 4343 3190 4388 est
3213 4375 3228 4400 ,
3255 4333 3426 4404 gratia
3457 4333 3648 4388 ﬂoruit.
3678 4329 3794 4381 Dixit

2238 4442 2356 4497 ergo
2395 4426 2498 4480 illis
2531 4427 2750 4492 iterum,
2783 4424 2898 4480 Pax
2938 4426 3074 4479 uobis
3097 4423 3212 4498 (Ib.
3244 4442 3291 4480 υ.
3323 4409 3438 4496 21).
3472 4427 3581 4481 Cur
3614 4418 3798 4477 iterum?

2242 4516 2339 4572 Ubi
2390 4517 2504 4571 vult
2549 4516 2686 4571 dona
2727 4517 2912 4586 gratia:
2939 4515 3196 4579 fundare,
3227 4516 3387 4570 etiam
3433 4512 3795 4571 benedictiones

2238 4609 2431 4664 iterat:
2456 4609 2898 4681 quemadmodum
2928 4609 3052 4664 fecit
3073 4618 3126 4664 et
3151 4609 3458 4663 Abrahamo
3485 4627 3499 4664 :
3526 4607 3794 4663 Benedictus

2241 4699 2527 4754 benedicam
2549 4700 2655 4764 tibi,
2680 4709 2725 4753 et
2747 4700 3091 4770 multiplicans
3117 4699 3463 4768 multiplicabo
3493 4710 3542 4752 te
3565 4697 3703 4770 (Gen.
3723 4690 3792 4746 22.

2240 4789 2329 4863 17)
2359 4809 2371 4843 :
2399 4791 2478 4846 sic
2505 4801 2614 4844 tum
2645 4790 2921 4860 proximis,
2947 4800 3055 4844 tum
3083 4791 3266 4861 procul
3289 4791 3472 4860 positis
3505 4790 3618 4859 paci
3647 4796 3791 4857 pacem

2241 4882 2444 4952 adjicit.
2476 4883 2620 4938 Sicut
2656 4883 2789 4936 misit
2828 4899 2909 4936 me
2946 4881 3136 4950 Pater,
3165 4892 3213 4937 et
3239 4899 3329 4954 ego
3368 4883 3508 4936 mitto
3538 4899 3622 4936 vos
3649 4879 3791 4949 (Joatt.

2237 4973 2328 5028 20.
2345 4973 2462 5045 21).
2490 4974 2739 5042 Attende,
2761 4990 2976 5045 quaeso;
3003 4974 3124 5030 vide
3152 4975 3422 5045 quomodo
3449 4975 3515 5030 ad
3546 4975 3789 5029 humanam

2240 5068 2464 5121 formam
2508 5067 2863 5123 oeconomiam
2907 5069 3099 5138 rapiat.
3126 5067 3240 5123 Non
3280 5068 3450 5134 dixit,
3479 5068 3626 5123 Sicut
3646 5061 3793 5136 genuit

2239 5173 2326 5215 me
2354 5159 2514 5214 Pater
2543 5179 2555 5215 :
2583 5160 2769 5215 missio
2798 5161 2940 5216 enim
2982 5160 3265 5216 humanam
3312 5161 3536 5216 formam
3575 5154 3790 5215 ostendit.

2239 5250 2296 5305 ld
2333 5266 2461 5305 vero
2503 5249 2810 5320 frequenter
2849 5251 3179 5316 indicamus,
3213 5253 3336 5322 quia
3383 5252 3434 5307 id
3474 5247 3791 5307 oeconomiam

2238 5343 2492 5398 declarat.
2521 5342 2636 5408 Ubi,
2665 5345 2854 5413 inquit,
2887 5344 3081 5398 nudam
3107 5353 3352 5398 naturam
3374 5341 3589 5415 profert,
3612 5340 3790 5396 Patrem

2238 5446 2395 5508 atque
2414 5437 2604 5493 Filium
2632 5439 2906 5509 prmdicat.
2934 5438 3079 5495 Sicut
3103 5440 3236 5493 misit
3261 5455 3359 5494 me.
3385 5435 3650 5506 Quomodo
3673 5428 3790 5486 misi!

2240 5531 2333 5584 te?
2361 5531 2613 5598 Attende,
2645 5547 2845 5600 quaeso.
2873 5531 3065 5586 Missus
3094 5546 3152 5585 es
3176 5531 3425 5584 Dominus
3447 5529 3512 5583 de
3539 5525 3680 5587 czelo;
3702 5530 3788 5588 quo

2240 5633 2394 5694 pacto
2424 5626 2436 5656 '
2468 5626 2538 5679 ita
2581 5625 2794 5680 mittere
2825 5633 2976 5694 potes
3006 5635 3063 5678 ut
3089 5625 3245 5679 Pater
3283 5633 3333 5678 te
3363 5621 3537 5678 misit?
3559 5618 3661 5674 Non
3689 5624 3784 5666 m0-

2307 5758 2323 5788 ι
2359 5755 2479 5828 cod.
2497 5763 2617 5828 ιξβει
2647 5757 2772 5828 1186
2794 5757 2866 5828 sic
2887 5757 3040 5828 habet
3065 5770 3078 5804 :
3104 5765 3270 5807 Missus
3293 5761 3364 5828 est
3401 5752 3613 5805 Dominus
3633 5748 3687 5800 dc
3702 5755 3778 5794 ra;-

2243 5817 2326 5879 lo;
2349 5819 2546 5883 apostoli
2565 5817 2657 5870 non
2676 5821 2736 5871 de
2759 5819 2880 5871 ctelo
2909 5825 3020 5870 sunt
3044 5832 3064 5881 ;
3095 5830 3187 5881 quia
3205 5824 3364 5879 pacm.
