4044 6368
312 332 429 390 775

302 445 464 522 {759]
484 446 578 501 τοῦ
604 446 785 516 λόγου,
804 444 937 500 ἀλλά
952 447 1090 519 πρὸς
1111 446 1203 500 τὸν
1226 446 1388 501 πόθον
1413 449 1513 519 τῆς
1539 447 1773 517 φύσεως,
1791 449 1887 501 καὶ

306 535 495 606 πάσης
515 535 699 598 αὐτοῖς
721 534 1013 606 ῥητορικῆς
1042 534 1452 604 μεγαλοφωνίας
1481 536 1575 589 καὶ
1595 535 1887 604 φιλοσόφου

310 622 743 695 μετεωρολογίας
775 622 1012 693 ήδύτερά
1051 623 1167 674 ἐστι
1219 622 1290 675 τά
1332 622 1443 676 τῶν
1475 623 1679 676 παίδων
1706 622 1887 693 ψελλί-

307 726 524 780 σματα·
556 708 700 763 οὕτω
728 710 822 763 καὶ
846 710 876 762 6
901 708 1032 772 Θεὸς
1058 710 1157 763 οὐκ
1189 712 1269 772 εἰς
1309 710 1408 773 τὰς
1445 709 1697 778 γλώσσας
1728 710 1885 782 ήμῶν

301 796 664 866 ψελλιζούσας
697 798 826 869 περί
859 796 1157 865 θεολογίας,
1198 796 1314 851 ἀλλ’
1349 799 1429 862 εἰς
1458 799 1551 852 τὸν
1585 798 1750 853 πόθον
1791 800 1885 853 καὶ

301 885 390 948 εἰς
420 883 519 956 τὴν
560 883 797 938 διάθεσιν
832 883 1038 953 βλέπει,
1066 885 1148 938 ὅτι
1189 884 1370 938 πίστει
1411 884 1753 957 κηρύττομεν
1791 887 1885 941 καὶ

300 973 498 1048 ἀγάπῃ
548 971 913 1043 ἀνυμνοῦμεν.
941 973 1016 1027 Οὐ
1064 973 1174 1043 γὰρ
1220 973 1441 1029 δύναται
1486 976 1520 1047 ή
1569 975 1880 1049 ἀνθρωπίνη

298 1060 525 1129 γλῶσσα
545 1059 757 1132 τρανῶς
777 1060 1027 1130 λαλῆσαι,
1056 1060 1170 1114 ἀλλ’
1190 1062 1289 1115 ὅσα
1317 1062 1383 1116 ἂν
1409 1061 1542 1133 λαλή
1551 1080 1731 1133 σωμεν
1753 1064 1882 1135 περὶ

297 1148 462 1214 Θεοῦ,
499 1148 839 1218 ψελλίξοντες
892 1147 1181 1221 λαλοῦμεν.
1232 1149 1423 1215 Διατί;
1464 1149 1681 1221 Ἐπειδὴ
1728 1153 1823 1204 καὶ
1852 1153 1882 1204 6

297 1235 516 1299 Παῦλος
548 1235 678 1307 βοᾷ·
730 1235 824 1289 Ἐκ
852 1236 1075 1305 μέρους
1106 1234 1499 1306 γινώσκομεν,
1531 1236 1633 1291 καί
1675 1237 1744 1293 ἐκ
1774 1236 1881 1308 μέο

281 1341 446 1392 ⁴ρους
493 1324 1163 1393 προφητεύομενβθμως
1195 1323 1252 1377 δὲ
1298 1324 1348 1377 εἰ
1395 1324 1490 1378 καὶ
1537 1324 1877 1397 ψελλίζομεν,

292 1409 630 1482 ἐνεχείρισεν
676 1410 807 1482 ἡμῖν
853 1413 883 1465 6
931 1410 1062 1476 Θεὸς
1101 1411 1163 1464 16
1203 1412 1464 1483 κήρυγμα
1490 1413 1592 1483 τῆς
1632 1414 1875 1485 εἰρήνης.

292 1497 402 1551 Διὰ
434 1497 591 1551 τοῦτο
621 1496 720 1568 βοᾷ
755 1496 1014 1561 Ἡσαΐας·
1054 1497 1165 1552 Καὶ
1192 1501 1251 1552 αἰ
1281 1498 1555 1569 γλῶσσαι
1582 1502 1640 1553 αἱ
1665 1499 1880 1573 ψελλί-

284 1585 506 1646 ζουσαι
543 1584 918 1655 μαθήσονται
966 1585 1182 1640 λαλεῖν
1228 1584 1492 1655 εἰρήνην.
1525 1588 1661 1660 Φέρε
1698 1588 1879 1643 τοίνυν

295 1672 475 1743 μικρά
499 1670 839 1743 ψελλίσωμεν
866 1672 1004 1743 πρὸς
1023 1672 1114 1727 τὸν
1137 1674 1321 1738 ,κοινὸν
1350 1674 1507 1745 ήμῶν
1529 1675 1752 1746 Πατέρα
1784 1674 1878 1730 καὶ

289 1761 594 1831 Δεσπότην,
621 1759 721 1813 τὸν
742 1759 1156 1828 καταξιώσαντα
1202 1764 1375 1817 εἰπεῖν
1405 1764 1516 1826 τοῖς
1549 1762 1741 1816 ἑαυτοῦ
1773 1781 1879 1835 μα-

289 1849 509 1918 θηταῖς·
546 1846 775 1901 Τεκνία·
820 1850 870 1902 εἰ
916 1847 1026 1919 γάρ
1068 1849 1234 1903 τέκνα
1284 1849 1458 1915 καλεῖ,
1505 1850 1613 1904 τῶν
1669 1850 1879 1905 τέκνων

285 1933 656 2005 ψελλιζόντων
688 1934 960 2005 ἀνέχεται.
989 1931 1100 1989 Καὶ
1122 1935 1310 2007 ἐπειδὴ
1343 1935 1448 2006 ἔφη
1475 1936 1719 1991 ἀνελθεῖν
1745 1939 1825 2001 εἰς
1849 1949 1877 1979 ι

280 2022 580 2095 οὐρανοὺς,
606 2021 700 2075 καὶ
726 2023 759 2093 ή
790 2021 1055 2093 ἀνάληψις
1085 2021 1249 2077 αὐτοῦ
1278 2025 1311 2093 ἡ
1345 2022 1720 2095 πολυύμνητος
1747 2024 1875 2096 ἐκησ

289 2108 491 2181 ρύχθη,
521 2108 621 2162 οὐκ
662 2108 1009 2163 ἀποκλείεται
1053 2109 1232 2180 χρόνῳ
1266 2110 1301 2181 ή
1334 2109 1517 2181 χάρις,
1544 2110 1666 2163 οὐδὲ
1720 2128 1878 2182 περι-

284 2198 567 2268 γράφεται
594 2196 831 2268 ἡμέραις
858 2197 892 2267 ή
927 2195 1196 2265 θεολογία.

368 2284 436 2354 β’.
456 2282 672 2356 Ἐπειδὴ
698 2282 755 2335 δὲ
787 2280 1108 2351 θελήσαντες
1136 2281 1376 2336 ἀνελθεῖν
1402 2281 1484 2347 εἰς
1518 2282 1577 2336 16
1618 2284 1740 2355 ὅρος
1771 2285 1879 2338 τῶν

303 2367 561 2433 Ἐλαιῶν,
596 2366 1038 2437 ἐνεπδίσθημεν,
1077 2366 1153 2428 ὡς
1176 2359 1317 2419 οἶδεν
1341 2368 1369 2419 6
1396 2366 1651 2438 Χριστὸς,
1681 2366 1879 2439 προθέ-

282 2470 455 2525 μενοι
488 2452 609 2524 μὲν,
642 2451 975 2516 κωλυθέντες
997 2451 1054 2504 δὲ
1080 2451 1167 2504 διά
1211 2451 1311 2522 τὴν
1353 2451 1760 2506 ἀκαταστασίαν
1782 2450 1878 2505 τοῦ

277 2542 456 2610 ἀέρος
485 2539 577 2591 καὶ
604 2537 665 2591 16
694 2537 917 2609 συνεχὲς
944 2536 1040 2590 τοῦ
1078 2534 1317 2607 πλήθους
1365 2535 1543 2608 (λέγω
1583 2536 1641 2590 δὲ
1680 2534 1877 2604 ταῦτα,

280 2624 385 2678 ἴνα
412 2624 590 2677 πᾶσαν
619 2621 887 2692 ὑπόληψιν
932 2620 1080 2674 λύσω
1117 2619 1224 2674 τῶν
1270 2620 1446 2693 μάτην
1480 2620 1726 2689 ἐγκαλεῖν
1756 2619 1880 2690 βου-

283 2710 540 2780 λομένων
560 2708 601 2781 ),
631 2709 935 2781 ἐπειδήπερ
959 2708 1095 2781 πρὸς
1116 2709 1177 2761 τὸ
1212 2706 1417 2778 πλῆθος
1445 2706 1643 2770 ἰδόντες
1667 2706 1776 2760 τῶν
1802 2708 1881 2760 εἰσ

282 2794 572 2865 ρημένων,
597 2792 807 2863 ταχέως
854 2791 1275 2861 συνεστείλαμεν
1321 2791 1413 2845 τὸν
1458 2790 1634 2861 λόγον,
1666 2792 1756 2846 ἵνα
1803 2791 1878 2863 μὴ

280 2877 371 2948 τῷ
400 2875 593 2947 πλήθει
646 2875 756 2928 τῶν
803 2874 1111 2946 λεγομένων
1153 2873 1562 2946 καταχώσωμεν
1591 2875 1744 2946 ὑμῶν
1781 2876 1889 2947 τὴν.

287 2960 537 3032 μνήμην,
564 2959 802 3030 σήμερον
834 2958 1159 3029 ἀποδίδομεν
1181 2957 1280 3030 τὴν
1304 2958 1548 3029 ὀφειλήν.
1581 2960 1691 3012 Καὶ
1718 2958 1826 3030 γάρ
1849 2961 1879 3013 6

284 3045 459 3115 νόμος
489 3042 792 3114 ἐπέτρεπεν
811 3042 841 3082 ιι
863 3041 955 3097 τὸν
984 3043 1058 3114 μὴ
1090 3043 1392 3112 ποιήσαντα
1408 3041 1486 3113 τῷ
1512 3039 1714 3113 πρώτῳ
1749 3042 1879 3112 μηνὶ

282 3127 354 3179 τὸ
388 3127 599 3197 Πάσχα,
631 3125 710 3197 τῷ
739 3124 972 3197 δευτέρῳ
1012 3128 1143 3196 μηνὶ
1170 3126 1269 3197 τήν
1300 3125 1521 3196 ὀφειλὴν
1549 3126 1875 3181 ἀποδιδόναι.

289 3213 386 3264 Δεῖ
428 3210 485 3265 δὲ
525 3211 669 3281 ὑμᾶς
709 3209 907 3263 εἰδέναι
947 3211 1029 3264 ὅτι
1069 3208 1204 3263 Θεοῦ
1241 3210 1399 3278 λόγος
1425 3210 1486 3263 06
1520 3210 1754 3280 χρόνοις,
1781 3211 1879 3281 οὐχ

280 3293 532 3366 ἡμέραις
584 3294 1007 3366 περιγράφεται,
1056 3293 1194 3348 ἀλλὰ
1238 3293 1382 3348 κατά
1411 3293 1619 3348 ’πᾶσαν
1664 3294 1880 3367 ἡμέραν

284 3380 505 3451 δέχεται
543 3381 805 3451 κήρυγμα
830 3379 925 3433 καὶ
954 3378 1210 3451 σταυροῦ,
1238 3380 1333 3433 καὶ
1361 3377 1585 3442 πάθους,
1626 3378 1722 3434 καὶ
1750 3379 1881 3432 ἀνα-

288 3463 559 3527 στάσεως,
593 3463 689 3516 καὶ
714 3461 1053 3534 ἀναλήψεως,
1084 3463 1180 3516 καί⁵
1210 3462 1475 3533 δευτέρας
1504 3462 1830 3533 παρουσίας.

364 3550 437 3614 γ’.
456 3545 666 3617 Ἦρέμα
689 3545 747 3600 66
774 3543 1229 3617 προδιαλαϐόντες
1260 3545 1434 3616 μικρά
1447 3561 1568 3598 τινα
1582 3544 1691 3597 τῶν
1720 3544 1880 3600 θείων

284 3629 556 3703 ῥημάτων
601 3632 660 3682 έν
702 3631 817 3693 τοῖς
863 3627 1334 3697 ὑπαναγνωσθεῖσι
1367 3629 1628 3699 σήμερον,
1656 3628 1751 3682 καὶ
1777 3627 1879 3691 τὰς

286 3713 661 3783 αὑαγγελικὰς
698 3713 881 3785 πηγὰς
909 3711 1292 3783 ἀντλήσαντες,
1322 3710 1495 3774 οὕτως
1519 3710 1763 3781 ἔλθωμεν
1785 3710 1879 3763 ἐπὶ

282 3797 395 3869 τὴν
418 3797 771 3867 ἐπαγγελίαν.
799 3797 1003 3865 Οὔσης
1027 3796 1229 3865 ὀψίας,
1254 3793 1332 3863 τῇ
1358 3794 1548 3863 ἡμέρᾳ
1574 3794 1775 3862 ἐκείνῃ
1801 3792 1879 3863 τῇ

282 3878 401 3952 μιᾷ
443 3879 563 3933 τῶν
604 3878 939 3945 σαϐϐάτων,
969 3879 1069 3933 καί
1115 3878 1237 3931 τῶν
1285 3876 1482 3946 θυρῶν
1523 3874 1877 3946 κεκλεισμέ-

274 3981 441 4028 νων,
471 3963 625 4019 ὅπου
656 3960 820 4035 ἦσαν
849 3966 904 4017 οἰ
926 3963 1185 4032 μαθηταί
1209 3960 1599 4032 συνηγμένοι,
1626 3956 1815 4031 ἦλθεν
1846 3962 1878 4013 ό

305 4046 559 4115 Ἰησοῦς.
577 4047 695 4116 ’Λφ²
728 4040 790 4101 06
832 4046 860 4098 6
891 4045 1081 4116 Σωτὴρ
1121 4045 1220 4115 τὴν
1266 4044 1561 4099 ἀνάστασιν
1587 4045 1880 4114 ἐπραγμα-

286 4128 528 4182 τεύσατο
570 4130 726 4201 ἡμῖν,
759 4127 1000 4192 σπανίως
1038 4127 1310 4197 φαίνεται,
1339 4128 1398 4180 ἐν
1430 4126 1618 4189 ἄλλαις
1645 4126 1880 4196 ἡμέραις

288 4212 579 4281 ἐπιφανεὶς
606 4214 720 4275 τοῖς
758 4211 1029 4283 μαθηταῖς
1051 4211 1085 4281 ἦ
1114 4210 1253 4264 κατὰ
1274 4209 1374 4282 τὴν
1400 4209 1614 4283 ἡμέραν
1643 4209 1743 4279 τῆς
1775 4209 1883 4260 Κυ-

288 4295 734 4367 ριακῆς.”Ωσπερ
765 4294 875 4366 γάρ
917 4296 974 4349 ἐν
1006 4294 1222 4365 ἑκάστῳ
1269 4293 1526 4365 σαϐϐάτῳ
1573 4290 1881 4367 παρέϐαλλε

290 4365 366 4451 ίτῇ
398 4365 711 4449 σύναγωγῇ.
741 4377 829 4432 ἵνα
847 4365 1115 4448 πληρώσῃ
1143 4375 1235 4430 τὸν
1264 4376 1460 4447 νόμον·
1489 4374 1660 4439 οὕτως
1703 4375 1796 4443 ἀφ’
1817 4365 1879 4425 οὗ

288 4460 398 4532 τὴν
441 4461 735 4535 ἀνάστασιν
778 4460 1290 4532 ἐπραγματεύσατο,
1330 4459 1426 4512 καὶ⁸
1466 4459 1557 4511 τὸν
1582 4454 1882 4529 ἀρραϐῶνα

290 4545 380 4614 τῷ
410 4543 601 4617 κόσμῳ
628 4544 878 4617 ήνεγκεν,
909 4542 1210 4597 ἐσπούδασε
1236 4544 1303 4613 τῇ
1333 4541 1516 4613 ήμέρᾳ
1543 4541 1643 4612 τῆς
1670 4542 1752 4595 Κυ
1762 4555 1881 4612 pm.

293 4628 426 4699 κῆς,
456 4628 514 4681 ἐν
548 4628 647 4699 μιᾷ
695 4627 804 4681 τῶν
846 4626 1153 4693 σαϐϐάτων,
1186 4624 1586 4696 ἐπιφαίνεσθαι,
1620 4623 1710 4677 ἵνα
1733 4621 1879 4695 πήξῃ

296 4710 392 4764 τὸν
417 4709 662 4780 θεμέλιον
682 4710 782 4782 τῆς
813 4709 973 4778 ἁγίας
1000 4707 1308 4781 Κυριακῆς.
1338 4706 1502 4770 Τέλος
1538 4706 1646 4777 γὰρ
1671 4701 1782 4776 εἷχε
1810 4707 1882 4759 τά

292 4792 413 4847 τῶν
435 4792 740 4856 σαϐϐάτων,
756 4793 931 4865 ἀρχὴν
959 4792 1018 4846 δὲ
1039 4790 1314 4863 ἐλάμϐανε
1334 4790 1405 4844 τὰ
1423 4790 1523 4859 τῆς
1545 4788 1882 4860 Δεσποτικῆς

293 4875 534 4949 ἡμέρας,
568 4878 737 4947 ήγουν
761 4877 861 4948 τῆς
893 4875 1260 4939 ἀναστάσεως,
1286 4873 1362 4937 ὡς
1415 4871 1735 4944 μέμνησθεο
1772 4872 1881 4925 τῶν

296 4960 496 5034 πρώην
537 4961 861 5033 εἰρημένων.
896 4960 1022 5025 Πῶς
1072 4961 1101 5013 ό
1149 4958 1416 5031 μακάριος
1454 4956 1730 5019 Ματθαῖος
1762 4956 1883 5008 ἐπι-

293 5046 528 5117 γράφων
572 5046 641 5100 τὰ
690 5044 958 5107 σάϐϐατα,
993 5043 1166 5115 ἀρχὴν
1205 5042 1262 5096 δὲ
1296 5041 1533 5110 εἰσάγων
1568 5039 1679 5093 τῶν
1706 5037 1882 5107 ἁγίων

292 5128 618 5200 Κυριακῶν,
648 5128 853 5198 ἐλεγεν·
884 5126 1035 5200 [760]
1069 5127 1206 5196 Ὀψὲ
1225 5124 1571 5189 σαϐϐάτων;
1592 5122 1757 5185 Τέλος
1774 5125 1882 5193 γὰρ

290 5209 391 5284 ἦν,
421 5213 513 5266 καὶ
532 5212 630 5284 ὀψὲ
648 5212 757 5266 τῶν
784 5210 1016 5286 πρώτων
1044 5209 1348 5274 σαϐϐάτων,
1387 5206 1884 5276 Ἐπιφωσκούσης

293 5298 391 5362 εἰς
434 5296 582 5365 μίαν
617 5295 951 5351 σαϐϐάτων.
969 5294 1172 5364 Ἐφάνη
1204 5292 1382 5346 τοίνυν
1416 5288 1655 5353 ἀναστάς
1680 5291 1746 5360 τῇ
1786 5289 1885 5359 μιᾷ

294 5379 413 5433 τῶν
438 5378 742 5445 σαϐϐάτων,
766 5380 904 5450 αὐτῇ
931 5379 997 5449 τῇ
1033 5377 1217 5449 ἡμέρα
1243 5376 1343 5447 τῆς
1368 5374 1529 5443 ἁγίας
1566 5373 1762 5444 ἑορτῆς
1784 5372 1885 5443 τῆς

364 5517 394 5548 ο
420 5514 654 5565 Ottobon.
676 5497 758 5563 κέιὶ
781 5513 941 5571 ἐπειδὴ
967 5512 1107 5571 ἔφθην
1128 5511 1272 5560 εἰπὼν
1301 5508 1533 5571 ἀνελήφθη
1556 5507 1637 5562 εις.

367 5577 397 5618 δ
423 5564 654 5637 Ottobon;
681 5583 736 5625 et
758 5574 883 5637 Reg.
909 5564 1029 5622 1⁷447
1049 5564 1210 5637 πᾶσαν
1229 5564 1440 5637 ὑποψίαν
1453 5564 1605 5637 λύσω;
1633 5564 1856 5637 ἐπειδῄπέ

295 5643 358 5691 τὸ
380 5641 557 5697 πλῆθος
575 5635 769 5697 ἰδόντες,
803 5626 868 5692 ὡῖ
899 5637 1134 5697 ἄνθρωποι
1172 5626 1457 5693 ὠκλάσαμεν
1482 5626 1742 5678 ἀποδοῦναι
1762 5626 1865 5690 [τὴν

297 5701 517 5775 ὀφειλήν.
540 5701 634 5748 Καὶ
652 5698 792 5810 γὰὲ
814 5698 958 5761 νόμος
979 5697 1233 5808 ἐπιτρέπει.

366 5767 391 5795 ε
419 5763 693 5810 Mammaea.
758 5772 805 5810 ιο
845 5772 877 5810 e
916 5759 1043 5810 Rex.
1111 5755 1201 5809 186

366 5767 391 5795 ε
419 5750 693 5824 Μέμνησθᾲ
719 5750 805 5811 Sic
845 5750 884 5811 θ’
916 5750 1043 5822 Reg.
1076 5750 1201 5809 1186
1243 5759 1538 5808 correctum.
1585 5750 1756 5804 Montf.
1799 5766 1885 5812 με-

299 5825 529 5889 μνῆσθαιο

1002 330 1069 386 ΙΝ
1106 330 1586 390 ASCENSIONEM
1628 332 1690 389 D.
1723 333 1785 388 Ν.
1823 332 1874 388 J.
1913 332 1975 389 C.
2018 332 2107 388 ET
2149 330 2215 386 IN
2249 330 2541 389 PRINCIP.
2584 333 2742 390 ACT.
2787 335 2851 391 Ιί.

3454 338 3561 396 776

1996 448 2365 520 ἀναστασίμου
2383 465 2397 478 ·
2446 449 2570 503 Τῶν
2625 450 2822 519 θυρῶν
2880 450 3339 521 κεκλεισμένων.
3411 453 3566 511 ὅπου

1992 526 2159 599 ἦσαν
2188 533 2243 585 οἰ
2273 533 2533 601 μαθηταί
2564 534 2929 603 συνηγμένοι
2968 534 3066 607 δ’ιά
3093 534 3201 588 τὸν
3230 536 3418 604 φόϐον
3447 537 3569 593 τῶν

2007 613 2331 679 Ἰουδαίων,
2362 610 2550 684 ἦλθεν
2580 619 2614 669 ό
2652 616 2913 684 Ἰησοῦς.
2943 616 3038 670 καὶ
3066 615 3215 683 ἔστη
3247 618 3334 684 εἰς
3362 618 3432 671 τὸ
3458 619 3567 689 μέ-

1992 696 2310 750 σον.Ὄπου
2329 698 2511 752 τοίνυν
2532 699 2771 770 ἀκμάζει
2795 701 2978 770 φόϐος,
2999 700 3358 770 παραγίνεται
3376 704 3405 755 6
3425 702 3569 758 λύων

1989 778 2084 831 16v
2119 778 2310 848 φόϐον·
2354 780 2488 835 ὅπου
2521 782 2761 852 ἀκμάζει
2801 783 2869 836 τά
2911 783 3011 854 τῆς
3049 782 3238 854 ζάλης,
3266 783 3566 854 ἐπιλάμπει

1988 861 2060 915 τά
2082 863 2181 932 τῆς
2202 863 2441 936 γαλήνης
2458 880 2471 893 ·
2496 865 2632 918 ὅπου
2656 865 2839 935 βλέπει
2863 865 2924 919 16
2948 866 3148 935 σκάφος
3172 866 3567 937 χειμαζόμενον

1988 945 2089 1015 τῆς
2115 945 2412 1013 εὐσεϐείας,
2447 949 2750 1020 προσφέρει
2782 947 2882 1021 τὴν
2917 949 3313 1022 κυϐερνητικὴν
3340 952 3567 1021 ἐπιστή-

1990 1044 2133 1097 μην·
2166 1028 2257 1082 τδν
2284 1028 2383 1099 μὲν
2413 1031 2656 1101 χειμῶνα
2686 1031 2850 1097 λύων,
2876 1032 2939 1084 16
2965 1031 3022 1085 66
3047 1033 3253 1101 σκάφος
3289 1032 3369 1096 εἰς
3399 1032 3567 1104 γαλή-

1986 1126 2087 1181 νην
2118 1112 2375 1180 εἰσάγων.
2417 1113 2554 1184 πρὸς
2601 1113 2663 1167 16
2705 1114 2953 1185 ἀκμάζον
2979 1113 3151 1178 πάθος
3176 1114 3270 1168 τοῦ
3296 1114 3461 1184 φόϐου
3504 1116 3568 1169 16

1987 1195 2276 1265 φάρμακον
2305 1197 2479 1267 φέρει.
2510 1197 2694 1266 Ἕστη
2724 1201 2811 1262 εἰς
2830 1199 2898 1251 τὸ
2924 1198 3140 1267 μέσον·
3163 1199 3255 1250 καί⁵
3283 1198 3337 1252 τί
3370 1216 3565 1270 φησιν;

1985 1276 2211 1344 Εἰρήνη
2244 1278 2405 1347 ὑμῖν.
2438 1279 2529 1350 Μὴ
2580 1280 2917 1346 στασιαζέτω
2964 1284 2999 1353 ή
3047 1281 3252 1335 διάνοια
3278 1281 3454 1350 ὑμῶν,
3492 1282 3569 1353 μὴ

1984 1358 2320 1431 θορυϐείσθω
2351 1363 2380 1415 6
2408 1361 2685 1433 λογισμὸς,
2718 1364 2793 1434 μὴ
2824 1363 3148 1435 πολεμεῖσθε
3175 1367 3297 1427 ταῖς
3336 1366 3568 1427 ἐννοίαις

1982 1441 2079 1495 106
2113 1443 2278 1511 φόϐου
2300 1460 2314 1474 ·
2347 1446 2573 1514 Εἰρήνη
2604 1445 2765 1514 ὑμῖν.
2797 1447 3002 1517 Εἰρήνη
3032 1447 3263 1523 πόλεμον
3296 1448 3564 1516 ἀφανίζει,

1985 1524 2148 1595 φόϐον
2178 1526 2457 1594 καταλύει,
2488 1527 2689 1599 ἔχθραν
2724 1527 2974 1599 ἐξορίζει·
3000 1529 3225 1597 Εἰρήνη
3247 1529 3404 1599 ὑμῖν.
3424 1530 3570 1584 Ἐδό-

1986 1607 2052 1679 θη
2083 1609 2342 1673 πολλάκις
2372 1598 2564 1682 εἰρήνη
2599 1612 2753 1682 παρά
2781 1598 2917 1665 Θεοῦ
2952 1615 3063 1675 τοῖς
3091 1598 3418 1683 ἀνθρώποις,
3449 1613 3566 1666 ἀλλ’

1984 1693 2048 1744 οὐ
2088 1692 2176 1746 διά
2213 1692 2505 1764 προσώπου
2552 1695 2653 1764 τῆς
2696 1695 3002 1758 αὐθεντίας,
3031 1693 3169 1748 ἀλλὰ
3207 1695 3274 1748 δι’
3296 1694 3565 1764 ἀγγέλων,

1984 1773 2074 1828 διὰ
2115 1776 2431 1847 προφητῶν,
2461 1777 2551 1830 διὰ.
2578 1778 2834 1831 δικαίων·
2869 1778 3027 1848 μόνος
3054 1781 3083 1831 6
3111 1778 3301 1850 Σωτὴρ
3345 1778 3413 1832 δι’
3441 1780 3571 1833 ἐαυι·

1986 1857 2079 1910 106
2111 1859 2302 1927 φανεὶς
2328 1858 2529 1913 ἔδωκεν
2556 1862 2796 1932 εἰρήνην.
2816 1860 3001 1931 Ἐδόθη
3027 1860 3107 1931 τῷ
3126 1860 3322 1929 Δανιὴλ
3351 1863 3565 1933 εἰρήνη,

1986 1940 2124 1996 ἀλλά
2144 1942 2213 1995 δι’
2230 1942 2670 2013 ἀγγέλου.Ὢφθη
2699 1944 2777 2013 τῷ
2801 1943 2999 2014 Δανιὴλ
3020 1943 3251 2012 ἄγγελος
3274 1945 3370 1998 καὶ
3390 1933 3563 1997 εἰπεῖν·

1988 2024 2212 2092 Εἰρήνη
2239 2040 2359 2091 σοι,
2390 2025 2534 2094 ἆνερ
2561 2024 2908 2095 ἐπιθυμιῶν,
2936 2027 3115 2095 ἴσχυε
3145 2028 3245 2080 καί
3267 2026 3565 2098 ἀνδριζου,

1985 2109 2020 2160 ό
2060 2108 2277 2173 Κύριος
2315 2111 2466 2175 μετὰ
2495 2108 2819 2180 σοῦ.Ὤφθη
2849 2110 2945 2162 καὶ
2983 2109 3061 2180 τῷ
3093 2109 3298 2164 Γεδεὼν
3337 2110 3567 2180 ἄγγελος

1984 2193 2080 2243 καὶ
2113 2186 2285 2243 εἶπεν·
2305 2190 2530 2260 Εἰρήνη
2552 2192 2936 2261 σοι.¹Ἀγγελοι
2965 2192 3143 2247 τοίνυν
3176 2193 3382 2247 ἔδωκαν
3413 2197 3568 2267 εἰρή-

1986 2286 2103 2342 νην,
2133 2272 2343 2326 οὐδέπω
2375 2273 2433 2326 δέ
2473 2276 2502 2327 6
2548 2275 2824 2346 Δεσπότης
2867 2275 2977 2330 τῶν
3014 2275 3262 2345 ἀγγέλων
3281 2290 3293 2304 ·
3329 2276 3467 2333 ἀλλά
3496 2278 3565 2331 δι’

1984 2354 2208 2408 ἐκείνων
2249 2355 2346 2425 μὲν
2374 2355 2641 2427 ἔπεμπεν,
2691 2357 3009 2428 ὲταμιεύετο
3050 2359 3108 2412 δὲ
3156 2360 3215 2412 ἐν
3262 2358 3441 2433 ἐαυτῷ
3465 2360 3568 2430 τὴν

1983 2437 2208 2507 εἰρήνην
2234 2438 2333 2510 τήν
2363 2439 2745 2510 εὐαγγελικήν.
2782 2442 2845 2494 Ol
2877 2441 2934 2494 66
2962 2441 3241 2512 προφῆται
3282 2442 3568 2513 δεξάμενοι

1985 2519 2248 2584 πολλάκις
2275 2522 2428 2592 παρά
2457 2521 2567 2575 τῶν
2605 2523 2854 2591 ἀγγέλων
2885 2523 2985 2594 τὴν
3015 2525 3257 2595 εἰρήνην,
3292 2523 3485 2593 ἐδίψων
3508 2524 3567 2592 ἐξ

1984 2597 2150 2650 αύτοῦ
2178 2598 2273 2652 106
2302 2599 2596 2670 προσώπου
2626 2601 2728 2670 τῆς
2753 2602 2978 2672 εἰρήνης
3016 2602 3117 2671 τῆς
3155 2601 3437 2665 αὑθεντίας
3480 2602 3571 2654 δέ-

1985 2678 2179 2744 ξασθαι
2207 2681 2308 2752 τὴν
2337 2683 2581 2754 εἰρήνην.
2615 2684 2709 2737 Διὸ
2741 2686 2835 2737 καὶ
2865 2682 2994 2737 ἐϐόα
3030 2686 3260 2748 Ἡσαΐας
3278 2701 3291 2714 ·
3328 2682 3509 2753 Κύριε
3532 2687 3567 2739 ὁ

1987 2763 2131 2830 Θεὸς
2154 2762 2345 2833 ήμῶν,
2367 2764 2621 2832 εἰρήνην
2647 2765 2754 2830 δὸς
2774 2765 2923 2835 ήμῖν
2940 2781 2955 2796 ’
2985 2767 3061 2838 μὴ
3087 2766 3153 2819 δι’
3184 2765 3408 2838 ἐτέρων,
3431 2767 3569 2821 άλλά

1983 2844 2073 2899 διὰ
2102 2845 2298 2900 σαυτοῦ
2326 2848 2551 2919 εἰρήνην
2588 2846 2676 2910 δὸς
2705 2849 2855 2918 ήμῖν.
2883 2842 3018 2902 Εἶτα
3057 2848 3195 2917 πρὸς
3236 2850 3336 2920 τήν
3381 2849 3570 2918 δέησιν

1981 2930 2016 3000 ή
2050 2926 2449 3000 ἀντιφώνησις·
2479 2927 2747 2997 Εἰρήνην
2784 2929 2900 2999 τὴν
2944 2928 3101 2999 ἐμὴν
3141 2929 3349 2999 δίδωμι
3402 2930 3566 3000 ὑμῖν.

1982 3011 2093 3065 Καὶ
2136 3010 2313 3065 τοῦτο
2355 3011 2540 3064 εἰπὼν
2574 3011 2808 3076 ἔδειξεν
2845 3012 3052 3078 αὐτοῖς
3084 3013 3190 3077 τὰς
3234 3011 3437 3081 χεῖρας
3470 3013 3570 3066 καί

1983 3094 2100 3163 τὴν
2127 3093 2639 3166 πλευράν.”Ωσπερ
2670 3096 2778 3167 γὰρ
2801 3095 3107 3167 στρατηγὸς
3128 3095 3439 3150 ἐπανελθὼν
3461 3097 3571 3150 ἀπὸ

1986 3178 2247 3249 πολέμου,
2278 3177 2374 3230 καὶ
2398 3178 2681 3249 τραύμασι
2722 3179 3038 3250 νικηφόροις
3067 3179 3320 3250 λάμπων,
3348 3180 3449 3233 οὐκ
3485 3181 3572 3232 αἰ-

1988 3263 2243 3330 σχύνεται
2269 3262 2381 3323 τοῖς
2400 3260 2710 3331 τραύμασι·
2736 3262 3016 3331 στεφάνων
3042 3261 3150 3332 γάρ
3176 3263 3292 3316 ἐστι
3323 3262 3572 3333 λαμπρό-

1986 3360 2121 3414 τερα
2143 3362 2154 3374 ·
2184 3341 2328 3396 οὕτω
2361 3345 2454 3396 καὶ
2481 3345 2509 3397 6
2537 3343 2751 3415 Σωτὴρ,
2782 3343 3069 3417 τραύματα
3101 3346 3241 3416 ὑπὲρ
3285 3345 3385 3415 τῆς
3435 3345 3572 3415 ἀλη-

1987 3425 2136 3489 θείας
2163 3425 2581 3496 ἀναδεξάμενος,
2616 3428 2711 3481 καὶ
2737 3427 2877 3498 ὑπὲρ
2910 3429 3004 3481 τοῦ
3028 3428 3219 3496 γένους
3242 3428 3335 3482 τοῦ
3368 3428 3571 3495 κοινοῦ,

1984 3511 2045 3563 ού
2086 3510 2320 3580 κρύπτει
2347 3511 2416 3565 τά
2447 3511 2620 3583 πάθη,
2645 3510 2760 3565 ἀλλ’
2785 3512 3140 3577 ἐκκαλύπτει,
3174 3513 3259 3567 ἵνα
3295 3512 3441 3583 δείξῃ
3473 3513 3573 3584 τὴν

1985 3594 2179 3648 ἐαυτοῦ
2209 3594 2700 3664 ἀνδρείαν.¹¹Εδειξε
2720 3594 3038 3667 τάςθχεῖρας
3064 3598 3122 3649 ἐν
3151 3591 3238 3659 αἶς
3257 3591 3325 3666 ἦν
3347 3598 3376 3649 6
3394 3595 3574 3660 ’τύπος

1982 3678 2092 3730 τῶν
2124 3676 2292 3748 ἥλων,
2327 3677 2496 3743 ἔδειξε
2531 3679 2626 3732 καὶ
2670 3678 2770 3749 τὴν
2802 3678 3044 3748 πλευράν
3075 3678 3134 3744 ἐξ
3179 3673 3247 3750 ἧς
3278 3678 3571 3731 ἀνέϐλυσεν

1984 3761 2116 3831 ἡμῖν
2148 3760 2254 3814 τῶν
2286 3760 2601 3831 μυστηρίων
2640 3760 2738 3831 τὴν
2772 3760 3195 3832 πηγήν.Ἔδειξε
3230 3760 3330 3823 τὰς
3352 3763 3567 3830 χεῖρας,

1987 3844 2074 3896 ἵνα
2122 3843 2521 3916 πληροφορήσῃ
2562 3843 2662 3914 τὴν
2688 3844 3003 3905 ἀνάστασιν,
3044 3844 3133 3896 ἵνα
3176 3840 3569 3914 πληροφορήσῃ

1983 3926 2110 3988 τοὺς
2162 3909 2728 3995 ἀμφίϐολοῡνταςὸτι
2759 3926 2927 3990 ὅντως
2952 3928 2981 3979 ό
3006 3924 3196 3978 παθὼν
3228 3909 3451 3994 ἀνέστη,
3483 3909 3570 3979 ότι

1984 4007 2152 4071 ὅντως
2177 4008 2238 4061 16
2263 4008 2533 4063 ἀποθανὸν
2568 4008 2664 4062 καὶ
2694 4007 2863 4078 ταφέν
2894 4008 3054 4079 σῶμα
3082 4008 3397 4078 ἐγήγερται.

2054 4088 2119 4144 δ’.
2139 4088 2478 4167 Ἐχάρησαν
2493 4085 2607 4166 οὖν
2621 4093 2676 4144 οἰ
2685 4090 2942 4160 μαθηταί
2965 4090 3192 4156 ἰδόντες
3216 4090 3321 4143 τὸν
3334 4090 3569 4157 Κύριον.

2000 4174 2186 4246 Ἐδόθη
2218 4175 2434 4246 εἰρήνη,
2469 4173 2633 4246 ἐλύθη
2667 4175 2696 4226 6
2725 4173 2910 4245 φόϐος,
2942 4174 3175 4245 ἤνθησεν
3197 4176 3232 4246 ή
3264 4174 3444 4244 χάρις.
3473 4168 3573 4227 ΕΙ-

1987 4274 2103 4312 πεν
2134 4255 2249 4313 οὖν
2288 4258 2494 4325 αὐτοῖς
2521 4257 2708 4313 πάλιν
2729 4273 2745 4289 ·
2778 4257 3007 4326 Εἰρήνη
3052 4258 3216 4328 ὑμῖν.
3266 4257 3419 4310 Διατί
3465 4257 3573 4310 πά-

1983 4345 2122 4406 λιν;
2156 4341 2331 4395 Ὅπου
2362 4341 2613 4412 βούλεται
2636 4342 2803 4412 πῆξαι
2841 4340 2910 4394 τά
2930 4340 3079 4413 δῶρα
3102 4342 3200 4412 τῆς
3219 4340 3458 4411 χάριτος,
3487 4338 3567 4391 δι-

1987 4424 2277 4490 πλασιάζει
2304 4426 2399 4478 καὶ
2421 4425 2517 4489 τὰς
2543 4425 2793 4493 εὐλογίας
2809 4440 2823 4455 ·
2848 4424 3036 4496 ὥσπερ
3062 4426 3156 4477 ἐπὶ
3184 4425 3277 4478 τοῦ
3294 4422 3562 4494 Ἁϐραάμ·

1986 4506 2277 4578 Εὐλογῶν
2301 4509 2620 4579 εὐλογήσω
2655 4523 2751 4573 σε,
2781 4508 2882 4563 καί
2913 4509 3240 4576 πληθύνων
3281 4506 3570 4574 πληθυνῶ

1987 4609 2093 4648 σε·
2129 4592 2271 4646 οὕτω
2297 4591 2509 4646 δίδωσιν
2562 4592 2787 4663 εἰρήνην
2829 4591 2923 4643 ἐπὶ
2964 4591 3185 4663 εἰρήνην
3240 4592 3353 4654 τοῖς
3405 4590 3573 4658 ἐγγὺς

1986 4677 2220 4739 καὶτοῖς
2255 4676 2491 4747 μακράν.
2529 4672 2736 4737 Καθὼς
2768 4671 3113 4728 ἀπέσταλκέ
3147 4689 3225 4743 με
3267 4675 3300 4727 ό
3341 4671 3566 4740 Πατὴρ,

1986 4758 2148 4829 κάγὼ
2191 4758 2402 4828 πέμπω
2442 4755 2618 4827 ὑμᾶς.
2650 4755 2915 4828 Πρόσεχε,
2951 4754 3285 4828 παρακαλῶ·
3320 4755 3422 4826 ὅρα
3448 4754 3566 4819 πῶς

1986 4846 2067 4908 εἰς
2098 4845 2157 4898 16
2198 4841 2539 4914 ἀνθρώπινον
2586 4841 2773 4911 σχῆμα
2804 4838 3041 4911 ἁρπάζει
3086 4838 3185 4911 τὴν
3233 4837 3562 4910 οἰκονομίαν.

1987 4928 2102 4981 Οὐκ
2146 4923 2321 4980 εἶπεν·
2353 4923 2553 4988 Καθὼς
2591 4924 2848 4995 ἐγέννησέ
2878 4941 2946 4994 με
2973 4925 3001 4977 6
3033 4923 3225 4994 Πατήρ
3247 4939 3262 4955 ·
3291 4923 3424 4976 ὅπου
3460 4922 3569 4995 γάρ

1987 5011 2282 5082 ἀποστολὴ,
2316 5011 2377 5065 16
2429 5007 2769 5080 ἀνθρώπινον
2804 5008 2990 5080 σχῆμα
3034 5006 3390 5060 ἐνδείκνυται.
3430 5005 3567 5058 Συν-

1990 5095 2132 5169 εχῶς
2155 5095 2212 5148 δὲ
2239 5093 2396 5148 τοῦτο
2424 5091 2575 5164 [761]
2599 5089 3097 5165 ἐπισημαινόμεθα,
3127 5089 3318 5160 ἐπειδὴ
3353 5088 3454 5160 τήν
3483 5088 3566 5140 οἰ-

1990 5179 2248 5249 κονομίαν
2291 5173 2854 5249 έρμηνεύειά.“οπου,
2883 5174 3069 5245 φησὶν,
3096 5172 3281 5245 γυμνὴ
3321 5174 3355 5243 ή
3389 5168 3569 5241 φύσις,

1990 5264 2213 5334 Πατέρα
2258 5260 2354 5315 καὶ
2392 5261 2520 5314 Υἰὸν
2553 5258 2836 5332 κηρύττει.
2869 5257 3076 5326 Καθὼς
3107 5253 3453 5314 ἀπέσταλκέ
3472 5271 3571 5323 με.

1991 5344 2119 5410 Πῶς
2141 5346 2198 5399 δέ
2224 5343 2536 5399 ἀπέσταλκέ
2559 5360 2652 5410 σε;
2675 5340 3292 5415 Πρόσεχε,,παρακαλῶ.
3309 5337 3574 5393 ’Δπεστά-

1990 5430 2091 5501 λης
2118 5427 2395 5497 Δεσπότης
2420 5425 2480 5491 ἐξ
2499 5425 2728 5497 ούρανοῦ
2750 5435 2774 5464 θ
2792 5441 2806 5455 ·
2838 5424 2979 5492 πῶς,
3005 5422 3185 5488 καθὼς
3206 5419 3490 5501 ἀπέστειλέ
3512 5435 3573 5475 σε

1989 5517 2017 5568 6
2049 5511 2260 5582 Πατὴρ,
2294 5508 2676 5576 ἀποστέλλεις;
2713 5509 2788 5562 O6
2821 5508 2913 5561 τὸν
2963 5506 3187 5577 τρόπον,
3228 5502 3385 5575 φησὶ,
3430 5500 3576 5570 λέγω

2050 5625 2080 5667 d
2112 5625 2406 5690 ῗΕρμηνεύει.
2432 5623 2551 5690 Ηοο⁸
2581 5623 2805 5690 γοιζιιιιιη,
2825 5638 2854 5673 a
2874 5621 3055 5690 ῌοιιιῑ.
3091 5621 3369 5690 conjectum
3389 5630 3480 5690 p10
3502 5618 3576 5666 sl-

1993 5680 2425 5762 ρηνεύειζεὶιὶιίροι
2590 5760 2601 5762 ξ
2620 5685 2759 5762 1ᾼιᾷϐ,
2778 5680 3026 5762 "6630;19-
3044 5680 3238 5762 ιξξιιιω
3261 5680 3572 5744 recepimus;

1994 5742 2349 5809 in'didemiposl
2375 5749 2525 5809 γυμνή
2550 5742 3205 5809 αοοοεείῐετιίειιίυοτβοετ.
3275 5798 3302 5809 _
3386 5742 3398 5744 “
3442 5780 3447 5787 .

2061 5798 2086 5843 ο
2104 5798 2255 5877 Λᾶόξί
2273 5798 2405 5860 ideni
2425 5798 2533 5860 c'od'.
2569 5812 2613 5857 οἰ
2639 5808 2899 5858 ἀπόστολοι
2924 5805 3013 5855 οὐκ
3036 5804 3084 5861 ea
3106 5798 3326 5885 06pm06.
