4044 6370
249 367 344 425 ΠΤ

247 496 386 543 num,
413 474 601 545 inquit,
621 468 888 525 missionis
913 463 1173 534 signiﬁco.
1196 474 1319 515 cum
1343 457 1484 521 dico,
1509 454 1666 545 Sicut
1677 450 1811 545 misit

245 590 321 627 me
350 543 519 631 Pater,
537 573 583 616 ct
607 577 697 632 ego
722 560 861 614 mitto
887 572 973 611 vos
1000 556 1041 620 ⁸,
1060 552 1155 607 sed
1185 552 1431 605 virtutem
1458 546 1593 614 ejus.
1623 543 1812 597 Missus

248 677 357 715 iam
383 663 481 727 ego
509 663 566 709 ut
593 652 763 723 patiar
788 664 884 720 pro
915 645 1147 708 mundo;
1174 642 1327 697 mitto
1350 654 1447 695 vos
1473 647 1531 692 ut
1555 633 1813 705 passionio

246 764 342 807 tius
366 748 554 803 vestris
579 742 765 798 orbem
792 752 1063 796 coronem.
1091 735 1157 789 Et
1180 733 1302 803 quia
1333 746 1438 786 non
1466 728 1637 799 potuit
1665 740 1813 779 mor-

251 842 363 897 talis
390 847 575 894 natura
601 833 920 889 dominicam
950 825 1346 883 similitudinem
1371 820 1601 887 assequi,
1626 817 1809 873 addit:

251 933 313 987 Et
334 945 446 985 cum
469 927 576 981 hinc
602 924 807 979 dixisset
830 962 847 988 ,
875 917 1157 988 insufﬂauit
1179 956 1196 980 ,
1224 914 1391 984 aitque
1416 910 1520 965 illis
1546 950 1562 974 ,
1590 908 1814 977 Accipite

244 1021 489 1088 Spiritum
511 1024 738 1071 sanctum
764 1012 939 1085 (Joan.
963 1008 1054 1067 20.
1085 1006 1201 1077 22).
1229 1003 1478 1061 Attende.
1508 1000 1616 1059 Cur
1644 997 1812 1088 insui-3

249 1111 385 1169 ilavit
415 1106 665 1165 Servator
693 1104 747 1159 in
787 1100 1057 1173 apostolos
1086 1099 1201 1167 ipso
1241 1090 1647 1151 resurrectionis
1681 1087 1812 1143 die?

248 1207 323 1256 An
342 1198 543 1255 nonnisi
559 1194 876 1252 insufﬂaudo
896 1197 1103 1262 poterat
1120 1187 1374 1259 Spiritum
1391 1192 1631 1238 sanctum
1651 1179 1814 1235 dare?

250 1292 434 1347 Verum
463 1288 584 1359 quia
613 1301 732 1342 cum
763 1265 991 1354 primum
1022 1279 1292 1337 hominem
1319 1276 1602 1335 lormaret,
1634 1269 1814 1338 Insur-

242 1384 377 1456 ﬂavit
402 1383 453 1436 in
481 1381 662 1452 faciem
687 1379 797 1448 ejus
817 1416 832 1442 ,
850 1386 899 1430 et
923 1378 1085 1446 factus
1112 1379 1184 1425 cst
1212 1370 1359 1423 homo
1393 1367 1447 1419 in
1484 1364 1706 1417 animam
1734 1361 1811 1414 si-

244 1452 424 1529 ceutem
454 1471 609 1544 (Gen.
649 1469 705 1524 2.
737 1467 829 1549 7),
860 1465 954 1522 sed
996 1460 1365 1520 insuﬂlationis
1405 1457 1546 1512 illius
1588 1452 1811 1523 gratiam

242 1583 336 1636 per
360 1544 842 1636 praevaricationem
875 1557 1135 1629 perdidit;
1165 1562 1219 1609 et
1248 1560 1525 1623 postquam
1550 1544 1811 1603 viviﬁeam

249 1659 382 1712 illam
401 1656 507 1710 vim
536 1652 861 1725 perdiderat,
884 1651 937 1705 in
967 1648 1238 1718 pulverem
1262 1641 1527 1698 resolutus
1546 1647 1646 1699 est,
1678 1645 1733 1692 et
1758 1638 1810 1689 in

246 1747 479 1816 sepulcro
505 1746 622 1813 ejus
648 1741 915 1813 opiﬁcium
945 1736 1202 1799 dissolvit;
1237 1742 1294 1789 ut
1319 1733 1625 1802 ﬁgmentum
1656 1741 1810 1781 suum

249 1847 536 1900 renovaret,
568 1845 625 1891 et
645 1837 875 1907 priscmn
906 1830 1031 1886 illud
1061 1829 1257 1884 donum
1288 1825 1613 1886 restitueret,
1641 1817 1811 1875 insuf-

248 1928 381 1985 ﬁavit
406 1930 456 1982 in
478 1927 666 1982 faciem
686 1924 1080 1995 apostolorum,
1103 1926 1444 1986 veteremque
1478 1914 1621 1968 illam
1645 1918 1701 1966 et
1727 1910 1811 1964 vi-

245 2018 439 2076 viﬁcam
477 2020 584 2074 vim
616 2017 867 2089 ﬁgmento
909 2029 1006 2069 suo
1044 2010 1308 2067 reStituit:
1334 2022 1397 2063 ac
1434 2004 1591 2062 simul
1619 2002 1811 2072 imple-

247 2108 427 2164 bantur
455 2107 832 2179 prephetarum
862 2103 1130 2173 prazdicta.
1159 2101 1352 2155 Beatus
1379 2096 1575 2168 quippe
1602 2091 1811 2149 Nahum

244 2201 508 2274 propheta,
533 2216 655 2257 cum
677 2197 997 2269 praevideret
1025 2195 1257 2249 futurum
1286 2204 1427 2255 esse,
1461 2198 1520 2243 ut
1559 2186 1814 2242 Servator

245 2311 271 2348 a
296 2296 507 2350 mortuis
535 2307 820 2360 resurgens
851 2287 1144 2343 iusul‘ﬁaret
1169 2285 1222 2338 in
1256 2290 1470 2343 sanctos
1498 2276 1769 2349 apostolos
1789 2315 1809 2340 ,

244 2396 292 2440 et
318 2387 556 2456 impleret
595 2399 688 2439 eos
712 2383 892 2439 divino
929 2388 1183 2443 munere,
1210 2372 1406 2444 populo
1433 2368 1812 2426 testiﬁcabatur

240 2476 321 2533 his
341 2478 511 2533 verbis
539 2495 554 2530 :
586 2474 828 2536 Celebra,
859 2470 999 2525 Juda
1018 2511 1033 2535 ,
1067 2471 1194 2539 festa
1226 2475 1349 2531 tua,
1376 2461 1531 2517 redde
1564 2459 1674 2514 Deo
1697 2467 1813 2512 uota

246 2580 324 2621 tua
350 2584 365 2620 :
391 2586 488 2621 non
514 2567 753 2638 adjicieut
787 2564 922 2616 ultra
953 2561 1119 2615 uenire
1145 2559 1198 2612 in
1226 2554 1645 2627 antiquationem.
1672 2549 1812 2604 Con-

244 2672 530 2715 summatum
569 2669 677 2724 est,
709 2657 979 2713 exscissum
1013 2662 1104 2708 est.
1148 2649 1385 2727 Ascendit
1430 2646 1562 2705 enim
1589 2660 1653 2699 ea:
1676 2652 1812 2697 terra

244 2756 322 2819 qui
367 2755 578 2825 insuﬂlet
623 2755 675 2806 in
707 2752 885 2823 faciem
922 2760 1095 2809 luant,
1126 2753 1172 2798 et
1197 2743 1283 2813 qui
1320 2742 1488 2796 liberet
1519 2748 1567 2793 te
1608 2738 1672 2791 de
1718 2736 1811 2790 tri-

246 2843 483 2900 bulatione
525 2843 786 2916 (Na/ium.
823 2839 985 2894 1.15.
1014 2836 1136 2891 et‘2.
1162 2834 1239 2904 1).
1273 2832 1414 2886 Tunc
1451 2830 1577 2884 dixit
1603 2831 1622 2860 "
1651 2870 1666 2895 ,
1692 2826 1812 2886 Pam

245 2938 370 2992 vobis
392 2953 411 3002 ;
432 2949 477 2991 et
504 2953 623 2992 cum
647 2937 742 2990 hoc
769 2933 1006 2995 dixisset,
1030 2927 1315 2999 insuﬂlavit,
1345 2934 1390 2979 et
1419 2923 1549 2977 dixit
1572 2922 1642 2975 eis
1664 2935 1682 2973 :
1706 2920 1808 2984 Ac-

244 3028 377 3096 cipite
417 3029 667 3099 Spiritum
712 3033 942 3080 sanctum
969 3020 1150 3089 (Joan.
1177 3015 1409 3083 20.22).
1437 3013 1570 3082 Quia
1598 3009 1813 3065 videbat

244 3120 509 3175 humanam
542 3127 788 3181 naturam
819 3117 871 3170 in
912 3112 1180 3168 laboribus
1203 3108 1465 3177 deiectam
1486 3147 1501 3171 ,
1531 3114 1586 3161 et
1613 3103 1683 3158 ob
1723 3104 1808 3157 in-

153 3258 159 3268 .
245 3212 528 3268 ﬁrmitatem
540 3210 846 3266 certamina
879 3211 1233 3265 recusantem,
1263 3199 1315 3253 id
1339 3197 1479 3267 quod
1506 3193 1807 3258 deﬁciebat,

244 3302 415 3372 implet
438 3305 637 3358 virtute
651 3299 901 3370 Spiritus,
921 3305 978 3350 ut
994 3294 1136 3349 illam
1164 3288 1519 3346 imbecillitate
1545 3285 1809 3341 labantem

243 3395 632 3450 consolaretur:
656 3407 721 3447 ac
755 3406 851 3446 ceu
891 3389 1088 3444 ferrum
1114 3382 1403 3456 quodpiam
1433 3379 1612 3434 divina
1639 3376 1810 3446 gratia

242 3488 372 3542 acuit
397 3489 537 3542 illam
566 3528 581 3550 ,
609 3493 668 3540 ut
713 3482 854 3554 quod
894 3496 959 3537 ex
1014 3486 1205 3533 natura
1243 3489 1340 3530 sua
1382 3487 1487 3528 non
1535 3469 1808 3535 habebat,

238 3591 303 3647 es
324 3579 487 3647 gratia
514 3576 805 3646 acciperet,
830 3581 885 3628 et
911 3572 1108 3625 virtute
1135 3566 1362 3638 Spiritus
1387 3562 1613 3625 ﬁrmata,
1642 3569 1814 3616 certa-

241 3670 374 3724 mina
398 3671 590 3727 adiret.
620 3666 845 3737 Accipite
869 3663 1117 3735 Spiritum
1144 3666 1408 3713 sanctum:
1425 3654 1555 3711 sicut
1580 3651 1713 3708 misit
1732 3665 1810 3703 me

245 3759 386 3815 Pater
404 3804 419 3829 ,
442 3772 489 3817 et
528 3777 624 3833 ego
669 3758 815 3812 mitto
840 3771 945 3831 uos.
971 3754 1041 3808 At
1068 3760 1122 3807 tu
1143 3791 1157 3816 ,
1194 3748 1415 3804 Domine
1435 3785 1452 3809 ,
1480 3752 1539 3799 ut
1559 3742 1812 3798 Servator

241 3868 511 3923 egressus,
541 3851 724 3907 vidisti
768 3856 1101 3919 peccatores.
1132 3850 1186 3898 et
1227 3840 1509 3895 miseratus
1553 3850 1613 3891 es
1662 3834 1809 3899 illos;

240 3956 567 4013 peccatorum
593 3943 748 3999 nobis
766 3940 975 3996 veniam
996 3934 1206 3992 dedisti.
1225 3931 1479 4001 Superior
1497 3936 1579 3984 est
1602 3925 1768 3997 gratia
1792 3941 1808 3979 :

243 4034 511 4092 incidimus
555 4050 658 4091 nos
696 4033 748 4088 in
794 4031 1043 4102 abyssum
1090 4033 1464 4096 peccatorum:
1493 4017 1646 4074 multi
1687 4023 1812 4070 sunt

244 4135 540 4192 peccatores
562 4167 579 4192 ,
611 4125 779 4179 multa
803 4135 938 4190 opus
964 4127 1047 4174 cst
1072 4118 1259 4187 gratia.
1290 4111 1673 4169 Auctoritatem
1705 4122 1812 4161 non

244 4214 485 4273 habemus
511 4235 528 4274 :
558 4213 828 4286 quomodo
852 4223 1134 4282 possnmus
1161 4206 1298 4261 mitti
1328 4214 1388 4258 ut
1415 4212 1472 4258 tu
1498 4203 1690 4257 missus
1709 4198 1812 4253 es?

242 4307 585 4374 Quamobrem
609 4316 667 4362 ut
694 4306 1003 4376 impleretur
1030 4299 1158 4355 illud
1185 4317 1197 4352 :
1227 4298 1370 4355 Sicut
1413 4297 1544 4350 misit
1590 4310 1668 4347 me
1701 4291 1812 4345 Pa—

243 4410 329 4465 ter,
352 4411 396 4456 ct
424 4420 514 4475 ego
544 4403 744 4456 mittam
767 4414 883 4464 vos,
909 4395 1040 4451 dicit
1067 4412 1080 4448 ε
1117 4393 1345 4460 Quorum
1373 4387 1662 4442 remiseritis
1693 4401 1811 4453 pec-

243 4501 348 4546 cata
374 4534 388 4559 ,
413 4496 737 4548 remittuntur
774 4490 880 4550 eis;
917 4496 964 4542 et
1000 4499 1213 4556 quorum
1247 4479 1556 4537 retinueritis
1579 4518 1594 4543 ,
1621 4484 1831 4561 retenta.

242 4593 349 4638 sunt
368 4584 555 4655 (Joan.
576 4583 668 4638 20.
694 4580 809 4654 25).
833 4580 1001 4647 Quam
1027 4575 1184 4630 habet
1206 4578 1524 4644 potestatem
1540 4568 1810 4631 Servatur,

243 4674 327 4729 dat
369 4677 645 4747 apostolis.
683 4669 1140 4743 Quemadmodum
1183 4665 1326 4721 enim
1373 4662 1487 4717 ﬁeri
1530 4660 1715 4730 nequit
1757 4666 1818 4714 ut

242 4780 364 4835 gens
384 4766 617 4839 principi
663 4764 1029 4820 committatur
1052 4800 1067 4823 ,
1097 4758 1145 4813 si
1186 4770 1293 4811 non
1333 4752 1527 4815 habeat
1564 4750 1734 4806 venire
1760 4757 1817 4802 et

243 4860 421 4913 mortis
463 4873 527 4914 ac
567 4855 812 4929 supplicii
849 4859 1166 4925 potestatem
1207 4846 1276 4902 ab
1304 4860 1429 4916 rege
1464 4856 1812 4898 concessam:

242 4951 313 5005 sic
330 4961 383 5007 et
397 4952 672 5014 Servator,
692 4949 812 5004 illos
837 4944 1222 5001 constituturus
1238 4938 1505 5010 principes
1524 4934 1692 4998 orbis,
1722 4932 1815 4987 dat

242 5039 344 5093 illis
387 5050 441 5096 ot
489 5039 737 5111 supplicii
783 5045 837 5093 et
884 5034 1052 5090 veniae
1088 5038 1441 5103 potestatem,
1474 5026 1559 5081 his
1596 5024 1815 5080 verbis:

246 5132 465 5198 Quorum
484 5132 775 5188 "miseritis
805 5135 1029 5199 peccata,
1055 5124 1380 5179 remittuntur
1400 5121 1505 5186 eis;
1520 5126 1566 5173 et
1591 5118 1818 5184 Quorum

244 5226 564 5289 minueritis,
589 5233 782 5279 retenta
803 5230 941 5276 sunt.
972 5218 1130 5274 Nullo
1153 5216 1295 5271 enim
1319 5219 1475 5283 pacto
1501 5217 1676 5283 potest
1697 5207 1819 5278 quis

245 5325 329 5369 aut
369 5318 683 5388 martyrium
711 5314 923 5370 fortiter
949 5309 1131 5366 subire
1169 5315 1262 5362 aut
1287 5304 1576 5375 diligenter
1619 5298 1817 5372 przedi-

794 5481 998 5532 citamus
1019 5489 1049 5528 e
1069 5475 1179 5526 cod.
1200 5481 1318 5538 iteg.
1343 5470 1483 5523 1186.

306 5484 322 5514 ⁸
340 5489 512 5534 Locum
529 5484 774 5545 integrum
794 5484 998 5532 citamus
1019 5489 1049 5528 e
1069 5484 1179 5526 Coa.
1200 5484 1318 5538 Reg.
1343 5484 1483 5523 1166.

309 5545 329 5577 ⁸
347 5546 457 5595 Cod.
487 5557 599 5600 reg.
623 5545 748 5596 1186
784 5544 856 5593 sic
884 5541 1052 5600 habet,
1075 5544 1184 5600 post
1218 5534 1378 5600 locum
1401 5546 1433 5583 e
1465 5530 1701 5600 propheta
1738 5535 1822 5600 tiae

309 5545 329 5577 ⁸
347 5546 457 5611 Cod.
487 5557 599 5608 reg.
623 5541 748 5596 {186
784 5541 1052 5611 sichabet,
1075 5544 1184 5600 post
1401 5543 1582 5611 631:9];

248 5602 358 5671 bum
372 5602 605 5671 citatuni:
632 5616 765 5657 Duas
794 5602 1402 5671 notamircirW‘i‘P'.
1432 5602 1825 5671 QVQW-M

246 5654 1288 5731 δίιηίδιὶιδξειίῶὼὸίδριυίιμει.ίτξδυὶπαυξι
1319 5656 1552 5731 Spirat?"
1576 5655 1724 5731 514%
1748 5654 1823 5731 ἔξ

248 5717 766 5836 ε’ὶιέρτορὶιθωῇὶσιιὶ
785 5717 1231 5798 insuﬂletinfaciem
1253 5717 1401 5783 tuam,
1444 5723 1511 5782 et,
1562 5717 1646 5783 qui
1657 5717 1825 5769 liberet

252 5792 296 5837 te
346 5787 754 5848 εινώιιιαιιοιιε.»
784 5787 970 5842 Deinde
987 5787 1135 5837 dixit.

218 5877 224 5905 ι
246 5883 254 5891 .

365 5903 457 5912 ἰα-ηπ
467 5908 472 5911 -
483 5908 513 5915 α-
523 5910 529 5915 .

911 349 974 403 ΙΝ
1014 340 1485 403 ASCENSIONEM
1526 338 1588 391 ἰ).
1630 336 1692 392 Ν.
1733 333 1783 390 1.

1926 332 2015 388 ET
2055 334 2119 389 IN
2158 334 2446 393 PRINCIP.
2487 336 2642 395 ACT.
2680 339 2742 398 ll.

3394 351 3493 410 776

1919 463 2041 505 care
2067 492 2083 514 ,
2112 461 2204 506 aut
2248 453 2374 518 quid
2415 470 2661 525 magnum
2707 454 3032 531 difﬁcileque
3066 470 3322 532 prtestare
3343 506 3360 534 ,
3388 468 3493 526 nisi

1919 542 2167 611 martyris
2193 542 2428 599 animum
2468 545 2684 602 roboret
2709 546 2942 616 Spiritus
2965 552 3135 607 sancti
3158 551 3326 610 virtus
3350 572 3363 611 :
3386 559 3495 613 alio

1917 632 2111 701 quippe
2139 633 2296 687 modo
2339 649 2444 690 nou
2485 645 2707 705 possunt
2734 648 2995 712 martyres
3034 656 3175 699 esse.
3206 642 3492 718 Martyrem

1915 736 2045 775 vero
2092 738 2232 778 nunc
2258 724 2379 780 dico
2401 764 2417 790 ,
2446 742 2551 782 non
2584 729 2745 785 modo
2769 731 2861 799 qui
2888 733 3214 789 cruciatibus
3236 750 3494 793 consum»

1919 821 2091 866 matus
2114 811 2213 877 sit,
2237 815 2329 869 sed
2354 815 2517 871 etiam
2547 819 2634 888 qui
2664 820 2826 874 verbo
2850 822 3035 891 gratiae
3063 823 3133 879 sit
3157 825 3490 883 testiﬁcatus.

1916 903 2099 971 Quivis
2124 905 2265 963 enim
2292 907 2528 963 veritatis
2549 925 2744 978 praeco,
2771 922 2972 983 martyr
2995 924 3078 970 est
3100 915 3215 971 Dei.
3243 916 3492 987 Quapro-

1915 1004 2036 1064 pter
2062 994 2130 1050 de
2165 994 2372 1055 Joanne
2397 997 2630 1068 Baptista
2664 1000 3162 1075 dicitEvangelium
3186 1005 3284 1061 :Et
3307 1009 3490 1078 testiﬁ-

1914 1092 2055 1138 catus
2098 1092 2173 1139 est
2220 1084 2444 1142 Joannes
2492 1089 2689 1144 ueritati
2709 1131 2726 1157 ,
2756 1090 2926 1147 dicens
2950 1107 2971 1146 :
3000 1091 3100 1149 Hic
3142 1104 3214 1149 est
3258 1095 3491 1152 Christus

1904 1172 2095 1238 (Joan.
2122 1178 2173 1232 1.
2219 1176 2331 1249 52).
2363 1180 2561 1252 Martyr
2598 1197 2704 1236 non
2756 1183 3003 1252 patiendo
3028 1226 3046 1251 ,
3071 1186 3165 1241 sed
3208 1187 3492 1244 clamando

1916 1267 2165 1323 efﬁcitur.
2213 1268 2328 1324 Non
2368 1281 2595 1342 possunt
2647 1273 2804 1343 igitur
2853 1287 3113 1347 martyres
3157 1291 3276 1333 esse
3322 1279 3491 1338 divini

1915 1359 2082 1424 verbi.
2114 1361 2214 1416 nisi
2263 1372 2447 1418 sancto
2477 1363 2673 1433 Spiritu
2701 1366 3036 1421 roborentur.
3068 1369 3189 1423 Ideo
3208 1383 3490 1427 resumens

1915 1453 2167 1510 Servator
2190 1455 2318 1511 dicit
2349 1458 2603 1531 apostolis
2627 1476 2641 1513 :
2678 1458 2775 1515 Vos
2795 1471 2960 1515 autem
2985 1475 3180 1518 manete
3203 1465 3257 1518 in
3294 1466 3493 1519 civitate

1913 1546 2213 1609 Jerusalem,
2235 1548 2395 1603 donec
2415 1549 2698 1604 induamini
2711 1553 2892 1607 virtute
2908 1570 2970 1608 ea:
2987 1553 3090 1608 alto
3114 1553 3353 1625 (Lucii.
3373 1556 3491 1627 49).

1915 1649 1968 1694 et
1999 1639 2271 1709 accipietis
2298 1641 2550 1697 virtutem
2579 1644 3004 1712 supervenientis
3030 1644 3258 1714 Spiritus
3284 1646 3489 1710 sancti;

1914 1730 2185 1797 virtutem,
2208 1745 2364 1801 quam
2391 1734 2481 1801 qui
2507 1746 2611 1789 non
2637 1734 2968 1802 acceperint,
2993 1748 3099 1789 non
3125 1743 3349 1805 possunt
3372 1750 3495 1796 esse

1914 1828 2174 1892 martyres
2197 1835 2291 1877 seu
2316 1830 2478 1877 testes
2500 1822 2540 1880 ⁸.

1984 1911 2038 1967 5.
2078 1910 2301 1969 Thomas
2328 1924 2492 1988 autem
2519 1930 2648 1973 unus
2670 1930 2733 1971 ea:
2756 1915 3040 1982 duodecim,
3064 1918 3152 1988 qui
3182 1918 3366 1974 dicitur
3388 1918 3487 1973 Di-

1915 2002 2096 2074 dymus
2115 2044 2128 2065 ,
2156 2021 2257 2058 non
2288 2014 2395 2059 erat
2431 2021 2544 2060 cum
2569 2005 2642 2061 cis
2669 2006 2847 2078 (Joan.
2872 2006 2964 2067 20.
3004 2007 3119 2079 24).
3161 2008 3288 2063 Erat
3311 2017 3491 2069 autem

1915 2110 2105 2165 magna
2134 2095 2222 2151 illa
2244 2096 2457 2155 ,Christi
2483 2098 2799 2161 teconomia,
2829 2097 2971 2168 quod
3000 2098 3233 2154 Thomas
3256 2115 3361 2156 non
3389 2101 3493 2156 ad-
3568 2164 3573 2165 ί

1915 2192 2089 2252 esset,
2119 2194 2180 2241 ut
2205 2184 2321 2256 ejus
2364 2186 2620 2243 dubitatio
2648 2187 2928 2244 clariorem
2955 2190 3344 2261 certioremque
3367 2191 3492 2246 el‘ﬁq

1914 2284 2061 2333 ceret
2087 2278 2549 2334 resurrectionem.
2579 2279 2691 2335 Nisi
2720 2282 2863 2336 enim
2889 2281 3121 2336 Thomas
3139 2282 3415 2351 defuisset,
3437 2293 3494 2347 et

1913 2367 1981 2424 de
2000 2368 2392 2424 resurrectione
2407 2368 2718 2434 dubitasset,
2746 2385 2810 2425 ac
2833 2370 3148 2427 dubitationi
3174 2381 3378 2429 certum
3404 2388 3495 2429 ar-

1913 2467 2221 2529 gumentum
2257 2458 2510 2514 Servator
2531 2461 2885 2529 opposuisset,
2917 2458 3151 2516 futurum
3176 2472 3290 2517 erat
3318 2471 3376 2517 ut
3400 2478 3494 2518 re-

1913 2549 2256 2605 surrectionis
2300 2550 2615 2605 miraculum
2665 2550 2907 2619 plurimis
2951 2551 3125 2608 adhuc
3172 2552 3494 2611 oll‘endiculo

1913 2647 2057 2696 esset
2086 2656 2101 2693 :
2131 2655 2314 2696 verum
2358 2640 2472 2711 ejus
2513 2640 2769 2695 dubitatio
2807 2641 3050 2697 ﬁdelibus
3085 2644 3289 2700 cunctis
3313 2659 3492 2700 reme-

1913 2730 2058 2790 dium
2086 2731 2282 2791 attulit.
2314 2730 2447 2786 Cum
2476 2731 2651 2801 itaque
2686 2732 2831 2790 venit
2859 2731 3091 2787 Thomas
3110 2775 3126 2800 ,
3168 2733 3417 2790 dixerunt
3439 2736 3492 2793 ei

1912 2820 1998 2877 alii
2021 2820 2262 2891 discipuli
2293 2836 2307 2874 :
2348 2819 2574 2897 Vidimus
2609 2820 2902 2879 Dominum.
2930 2822 3007 2880 illi
3035 2824 3397 2894 gloriabantur
3423 2827 3491 2881 de

1915 2912 1979 2967 iis
2003 2927 2121 2982 qua:
2146 2912 2423 2978 viderant;
2453 2912 2541 2967 hic
2560 2928 2687 2968 vero
2706 2913 3098 2972 contradicendi
3117 2915 3348 2985 quodam
3375 2927 3491 2972 stu-

1914 3001 2004 3057 dio
2033 3012 2218 3071 captus
2246 3010 2348 3066 est,
2379 3017 2484 3058 non
2522 3003 2888 3059 incredulitate
2918 3006 3084 3077 (tanta
3112 3021 3197 3062 res
3228 3015 3312 3062 est
3333 3008 3492 3063 dubi-

1914 3093 2087 3164 tatio),
2118 3108 2240 3148 cum
2260 3094 2458 3150 certior
2482 3093 2596 3150 ﬁeri
2627 3103 2951 3164 perOptaret,
2982 3112 3089 3151 non
3114 3097 3265 3163 dixit,
3294 3097 3351 3153 ld
3376 3098 3491 3159 ﬁeri

1919 3185 2122 3254 nequit.
2156 3184 2383 3240 Attende
2419 3184 2719 3255 diligenter.
2749 3185 2867 3241 Non
2906 3187 3115 3257 negavit
3138 3189 3491 3245 resurrectio.-

1912 3297 2035 3337 nem
2065 3299 2078 3336 :
2106 3296 2212 3338 non
2241 3281 2393 3347 dixit,
2422 3281 2775 3352 lmpossibilia
2800 3280 2996 3346 dicitis,
3023 3296 3111 3337 res
3137 3282 3501 3352 impossibiles

1915 3375 2268 3439 aununtiatis;
2293 3375 2386 3431 sed
2411 3375 2611 3430 certior
2634 3374 2751 3434 ﬁeri
2775 3374 2943 3430 voluit
2965 3374 3187 3430 dicens:
3218 3373 3333 3430 Nisi
3356 3376 3496 3430 uide-

1912 3486 1970 3524 ro
1992 3470 2051 3523 in
2079 3471 2307 3524 manibus
2326 3469 2435 3539 ejus
2453 3469 2672 3537 ﬁxuram
2689 3469 2962 3530 clavorum,
2983 3464 3052 3538 [et
3067 3469 3259 3522 mittam
3279 3468 3493 3540 digitum

1912 3562 2139 3618 meumin
2157 3560 2321 3615 locum
2332 3561 2584 3619 clavorum
2596 3557 2696 3631 (a)]
2710 3568 2756 3613 et
2767 3561 2958 3613 mittam
2970 3575 3173 3613 manum
3186 3576 3346 3613 meam
3360 3560 3412 3613 in
3423 3560 3496 3613 la-

1914 3666 1992 3709 tus
2016 3655 2143 3724 qius,
2172 3670 2273 3707 non
2290 3653 2491 3707 credam
2506 3654 2526 3684 ⁸
2547 3651 2727 3723 (Joan.
2755 3651 2845 3706 20.
2871 3650 2986 3721 25).
3009 3650 3077 3704 Et
3096 3661 3205 3721 post
3225 3651 3331 3704 dies
3354 3661 3489 3715 octo,

1916 3746 2046 3800 Vide
2076 3743 2344 3814 quomodo
2380 3742 2535 3797 alteri
2580 3742 2867 3804 Dominicte
2907 3742 3097 3798 insistit
3120 3759 3138 3801 :
3164 3757 3287 3797 nam
3324 3756 3356 3796 a
3387 3743 3495 3797 Do-

1914 3836 2105 3890 minica
2127 3835 2181 3893 in
2211 3833 2536 3889 Dominicam
2566 3842 2688 3887 sunt
2707 3842 2829 3887 octo
2852 3832 2987 3888 dies.
3027 3830 3150 3886 Post
3173 3831 3279 3885 dies
3323 3841 3434 3886 octo
3458 3847 3493 3893 a

1915 3925 2306 3983 resurrectione
2332 3924 2461 3978 venit
2487 3924 2666 3977 iterum
2690 3922 2723 3975 J
2729 3939 2863 3987 esus,
2884 3922 3063 3992 januis
3085 3922 3291 3989 clausis,
3315 3930 3364 3977 et
3390 3931 3495 3977 ste-
3555 3910 3561 3919 ’

1916 4019 1973 4071 tit
2002 4018 2054 4071 in
2075 4016 2238 4073 medio
2262 4026 2310 4070 et
2340 4015 2466 4070 dixit
2501 4029 2521 4068 :
2553 4012 2665 4067 Pax
2695 4014 2831 4067 vobis
2865 4012 2971 4083 (Ib.
3002 4028 3052 4066 υ.
3080 4011 3195 4085 26).
3226 4012 3356 4081 Quia
3383 4013 3494 4082 pris-

1915 4110 2034 4165 dem
2070 4108 2258 4165 eodem
2284 4107 2337 4161 in
2370 4107 2487 4161 loco
2513 4106 2595 4160 bis
2620 4104 2843 4166 dixerat.
2868 4104 2986 4158 Pax
3021 4104 3183 4169 vobis,
3213 4104 3297 4159 hic
3325 4104 3494 4163 semel

1915 4202 2072 4267 dicit,
2113 4209 2170 4253 ut
2193 4216 2258 4255 ex
2296 4208 2477 4253 sancta
2502 4196 2759 4253 Trinitate
2800 4194 3093 4266 perfectum
3136 4203 3189 4250 et
3229 4196 3501 4265 integrum

1917 4290 2114 4345 donum
2148 4289 2291 4358 pacis
2311 4287 2508 4343 faceret
2540 4304 2553 4340 :
2589 4285 2704 4340 Pax
2726 4286 2882 4340 vobis.
2909 4285 3103 4340 Deinde
3123 4286 3243 4340 dicit
3262 4284 3499 4351 Thamar,

1918 4380 2065 4450 lnfer
2090 4380 2303 4451 digitum
2340 4389 2479 4433 tuum
2505 4378 2604 4432 huc
2651 4376 2756 4449 (Ib.
2796 4392 2845 4431 υ.
2875 4376 2990 4447 27).
3018 4377 3266 4439 Attende.
3290 4392 3494 4447 quasso.

1916 4473 2032 4529 Non
2076 4480 2348 4542 exspectat
2386 4470 2638 4526 Servator
2678 4469 2850 4524 donec
2900 4484 2932 4523 a
2971 4468 3246 4537 discipulis
3274 4469 3499 4532 Thomas

1918 4565 2300 4623 dubitationem
2327 4561 2507 4616 audiat
2529 4577 2543 4614 :
2568 4574 2676 4621 non
2697 4559 2917 4620 docetur
2939 4559 3082 4628 prius
3102 4573 3259 4629 quam
3280 4558 3495 4616 doceat:

1919 4654 2015 4710 sed
2040 4663 2098 4708 ut
2125 4650 2439 4723 persuadeat
2465 4648 2564 4720 ipsi
2593 4664 2652 4705 se
2674 4657 2987 4718 praesentem
3016 4647 3199 4714 fuisse,
3227 4648 3352 4703 licet
3385 4663 3495 4709 non

1919 4757 2235 4816 appareret;
2253 4752 2307 4799 et
2322 4752 2379 4802 ut
2394 4741 2736 4797 dubitationis
2750 4739 3028 4810 inquisitor
3042 4741 3131 4806 sit,
3148 4741 3222 4795 ait
3239 4740 3459 4797 Thomze
3477 4760 3497 4798 :

1919 4837 2066 4910 lnfer
2085 4837 2298 4909 digitum
2320 4844 2462 4888 tuum
2485 4834 2605 4898 huc,
2622 4831 2892 4899 utdixiSti,
2915 4839 2960 4885 et
2982 4821 3094 4885 vide
3112 4847 3291 4887 manus
3315 4848 3451 4887 meas
3476 4847 3498 4887 :

1919 4941 1967 4988 et
1991 4931 2122 4999 infer
2145 4943 2350 4982 manum
2372 4934 2513 4981 tuam
2531 4965 2546 4990 ,
2576 4932 2625 4978 et
2664 4924 2804 4977 mitte
2830 4923 2884 4975 in
2910 4923 3044 4977 latus
3072 4938 3237 4978 meum
3276 4938 3296 4978 :
3317 4931 3365 4978 et
3392 4923 3498 4978 noti

1920 5041 2026 5081 esse
2065 5021 2375 5087 incredulus,
2405 5017 2494 5074 sed
2518 5016 2683 5086 ﬁdelis
2709 5012 3190 5095 (Ibid.).>0stendit
3224 5030 3369 5080 eum,
3409 5017 3501 5085 qui

1921 5116 2142 5175 evidens
2164 5114 2418 5170 indicium
2451 5108 2661 5180 quaerit,
2692 5123 2799 5162 non
2836 5121 2958 5163 esse
2984 5106 3229 5173 ﬁdelem;
3255 5106 3351 5163 sed
3374 5121 3503 5163 eum

1985 5254 2004 5286 ι
2028 5253 2104 5303 Sic
2124 5249 2270 5313 eﬂ'ert
2287 5247 2419 5299 hunc
2436 5242 2594 5313 locum
2613 5241 2726 5292 Cod.
2745 5239 3041 5313 εξεελυβϐτ
3062 5245 3117 5291 Et
3137 5238 3381 5313 accipietis
3400 5251 3500 5313 uir:

1923 5300 2072 5368 interii
2084 5300 2489 5377 ὲύὲνὲτιιεβωιειί
2529 5300 2899 5377 ξυριξτυεῖιξενῖείὲ
2929 5302 3092 5377 iam

1924 5384 2063 5428 testes
2091 5387 2110 5425 :
2123 5369 2371 5436 "nisi
2385 5373 2583 5436 accepta
2606 5369 2667 5416 sit
2687 5369 2836 5436 virtus
2858 5369 3061 5429 Spiritus
3079 5369 3250 5423 sancti,
3281 5375 3375 5422 non
3390 5375 3501 5425 ρος-

1923 5423 2073 5499 sib—ile
2093 5423 2163 5487 est
2188 5423 2400 5499 aliquem
2420 5423 2684 5499 martyrem
2889 5423 2919 5499 ’,
2954 5492 2986 5499 γ,
3024 5498 3029 5499 γ
3061 5492 3154 5499 _____

1986 5483 2162 5548 {idem
2182 5483 2343 5557 codex
2365 5498 2492 5557 post,
2514 5483 2731 5557 cfetiam",
2752 5487 2995 5557 sicgbabet
3019 5498 3033 5535 :
3058 5492 3166 5557 Nan.
3187 5483 3332 5542 dicit,
3350 5500 3386 5557 is
3406 5494 3504 5533 non

1926 5547 2124 5614 credam
2133 5547 2381 5613 omm'noj
2402 5550 2508 5613 sed,
2526 5568 2550 5599 ι
2566 5549 2660 5602 nisi
2678 5547 2999 5614 probationem
3010 5547 3261 5606 accipimn,
3284 5556 3377 5594 non
3392 5557 3517 5604 ere-5

1926 5625 2057 5675 dam.
2079 5638 2104 5668 ν
2134 5626 2189 5671 Et
2204 5623 2325 5683 post,
2347 5620 2439 5666 etc.
3500 5616 3503 5619 ν

1987 5709 2065 5774 (a)
2087 5705 2276 5774 uncinis
2314 5702 2477 5774 clausa
2516 5696 2814 5774 nonubgabet‘
2833 5692 3024 5746 Mentel.
3045 5706 3062 5757 ;
3085 5692 3177 5743 sed
3219 5689 3281 5743 ad
3329 5695 3501 5750 textu;

1928 5763 2197 5835 “angelici
2218 5764 2550 5829 integritatem
2570 5763 2837 5824 pertinent.
