4044 6372
596 364 700 422 779

596 479 689 541 aui
714 476 835 533 ﬁdei
871 490 930 532 se
956 474 1188 543 subjicit,
1219 471 1426 527 ﬁdelem
1454 485 1594 525 esse.
1630 468 1831 525 Similis
1871 476 1955 523 est
1982 466 2049 533 is,
2076 466 2168 535 qui

591 568 878 638 investigat
900 565 1034 621 latus
1057 563 1251 620 Christi
1276 571 1329 616 et
1355 562 1551 615 ﬁxuras
1575 558 1869 624 clavorum,
1902 556 1950 611 ei
1975 555 2062 627 qui
2089 555 2169 610 di-

600 660 693 721 cit,
723 655 999 724 Quomodo
1026 653 1234 726 genitus
1261 654 1382 708 est?
1410 653 1519 707 ltno
1540 668 1644 705 non
1670 649 1876 705 similis.
1908 648 1999 703 Ille
2019 648 2174 716 quip-

602 764 667 820 pe
693 747 964 819 qumrebat
999 747 1052 801 in
1077 760 1238 800 carne
1266 745 1448 799 vtdere
1493 743 1688 797 lixuras
1724 742 2024 802 clavorum,
2051 754 2170 808 qua:

596 841 695 897 sub
722 850 993 910 aspectum
1020 848 1074 894 et
1101 851 1316 892 sensum
1346 835 1605 891 cadebant
1647 851 1660 887 :
1704 832 1952 901 cupiebat
1989 831 2169 884 videre

597 946 707 985 rem
733 942 1022 1001 peractam,
1048 943 1205 999 quam
1224 937 1348 982 ante
1366 925 1588 981 sciebat.
1610 923 1690 978 Tu
1706 938 1835 977 vero
1854 922 1941 992 qui
1962 921 2171 976 curiose

598 1018 858 1090 perquiris
895 1026 1138 1073 naturam
1178 1015 1533 1078 invisibilent,
1574 1012 1923 1068 substantiam
1970 1012 2174 1065 incom-

596 1110 1006 1180 prehensibilem
1024 1150 1040 1177 ,
1069 1109 1463 1179 generationem
1503 1105 1845 1166 ineffabilem,
1875 1103 2169 1174 genitorem

594 1201 1001 1257 inenarrabilem
1022 1243 1038 1268 ,
1068 1201 1306 1272 genitum
1351 1195 1960 1267 ittcomprehensihiletu,
1992 1208 2168 1247 annon

591 1292 807 1361 gravius
835 1291 1238 1362 prtevaricaris?
1274 1306 1451 1345 annon
1491 1303 1551 1344 es
1577 1287 1779 1342 inﬁdeli
1819 1286 2086 1341 deterior?
2114 1284 2168 1340 Si

592 1379 735 1451 quod
783 1380 920 1435 latus
963 1381 1358 1451 investigaverit
1404 1379 1589 1433 beatus
1634 1378 1903 1441 Thomas,
1935 1376 2167 1441 audivit,

595 1468 723 1524 Noli
745 1486 852 1526 esse
878 1472 1186 1537 incredulus,
1228 1471 1316 1525 sed
1352 1470 1517 1539 ﬁdelis
1537 1487 1564 1547 p:
1597 1478 1650 1524 tu
1679 1469 1767 1539 qui
1799 1468 2168 1536 incorporcam

594 1572 650 1618 et
673 1562 1264 1632 incomprehensibilem
1290 1564 1535 1619 virtutem
1563 1563 1817 1617 scrutaris
1840 1563 1881 1628 ³,
1914 1563 2022 1616 noli
2051 1577 2171 1617 esse

594 1652 922 1719 incredulus,
943 1654 1037 1709 sed
1060 1653 1247 1709 ﬁdelis.
1275 1656 1521 1709 Attamen
1551 1653 1644 1709 Dei
1669 1653 2010 1723 indulgentiae
2039 1667 2164 1723 gra-

597 1746 698 1803 tias
719 1748 957 1817 agimus,
1004 1746 1145 1818 quod
1190 1748 1410 1802 Thomze
1449 1746 1643 1816 digitus
1681 1746 1893 1816 pietatis
1934 1745 2172 1800 calamus

596 1838 773 1902 fuerit,
799 1838 891 1908 qui
923 1839 1171 1894 haeretica
1201 1840 1336 1894 retia
1380 1839 1746 1903 subverteret,
1777 1849 1832 1894 et
1860 1854 2045 1893 eorum
2075 1852 2169 1893 ora

593 1928 897 1996 obturaret,
927 1930 1018 2001 qui
1048 1931 1227 1987 dicere
1252 1931 1506 1987 auderent
1530 1974 1547 1997 ,
1575 1932 1858 1986 Dominum
1883 1932 2060 2001 specie
2085 1931 2171 1985 in-

594 2018 774 2076 duisse
800 2034 991 2090 corpus
1014 2061 1029 2085 ,
1076 2021 1361 2091 specieque
1386 2030 1589 2076 tantum
1616 2031 1883 2076 mortuum
1913 2035 2051 2076 esse.
2085 2021 2172 2074 Di-

591 2111 733 2180 gitus
758 2125 885 2165 vero
912 2110 1131 2167 Thema;
1168 2111 1538 2167 haereticorum
1565 2100 1949 2167 dubitationem
1973 2113 2043 2167 ita
2064 2113 2172 2167 sol-

593 2203 689 2268 vit,
717 2211 778 2257 ut
802 2203 890 2258 ille
916 2203 1133 2274 digitus,
1163 2213 1348 2259 contra
1367 2220 1526 2275 quem
1562 2204 1695 2259 nihil
1725 2213 2010 2275 potuerunt
2030 2203 2167 2273 magi

595 2290 963 2363 Egyptiorum
1002 2293 1242 2347 dicentes
1278 2311 1292 2347 :
1331 2291 1534 2364 Digitus
1566 2293 1660 2348 Dei
1679 2303 1749 2349 est
1782 2294 1862 2348 hic
1890 2291 2081 2365 (Exod.
2111 2296 2166 2349 8.

595 2380 706 2453 i9);
740 2381 842 2436 Par
870 2391 987 2437 erat
1011 2383 1269 2437 Thomam
1289 2422 1305 2449 ,
1335 2393 1453 2451 post
1489 2395 1693 2439 certum
1735 2384 1864 2439 illud
1893 2394 2167 2454 acceptum

597 2473 872 2539 iudicium,
905 2474 1033 2529 illud
1068 2475 1278 2530 Davidis
1302 2475 1501 2530 dictum
1529 2476 1765 2546 proferre
1791 2491 1805 2529 :
1833 2476 1900 2530 In
1920 2476 2002 2531 die
2022 2476 2171 2530 tribu-

594 2564 796 2620 lationis
821 2582 943 2620 mea
961 2564 1124 2620 Deum
1147 2567 1388 2636 exquisivi
1416 2566 1587 2637 (Psal.
1614 2569 1701 2624 76.
1728 2568 1804 2640 3);
1829 2578 1882 2624 et
1910 2570 2031 2640 quia
2053 2585 2168 2623 ma-

595 2657 751 2713 nibus
787 2658 1143 2724 scrutabatur,
1184 2659 1457 2729 sequentia
1496 2660 1712 2726 addere,
1756 2661 1995 2717 Manibus
2045 2664 2169 2718 meis

593 2759 738 2802 nocte
759 2758 932 2802 contra
954 2766 1087 2814 eum,
1116 2760 1162 2804 et
1191 2766 1290 2804 non
1318 2767 1428 2804 sum
1445 2752 1693 2822 deceptus.
1720 2752 1844 2807 Noli
1869 2770 1977 2809 esse
2000 2754 2168 2809 inore.

590 2838 762 2903 datus,
785 2838 873 2892 sed
893 2837 1077 2907 ﬁdelis.
1110 2840 1202 2894 Ille
1223 2855 1352 2896 vero
1370 2850 1426 2896 et
1443 2857 1473 2896 a
1499 2841 1664 2896 ﬁxura
1687 2858 1805 2897 eum
1827 2884 1842 2908 ,
1867 2844 1958 2914 qui
1981 2859 2168 2913 passus

590 2940 726 2995 erat,
756 2932 1064 3002 conspexit,
1096 2941 1149 2987 et
1184 2947 1215 2987 a
1248 2933 1440 3002 praevia
1466 2936 1769 3005 cognitione
1796 2936 1962 2991 Deum
1991 2936 2119 2992 dicit
2148 2955 2163 2991 :

589 3017 840 3076 Dominus
864 3038 1001 3076 meus
1029 3031 1075 3077 et
1105 3021 1239 3077 Deus
1267 3039 1423 3078 meus.

668 3113 724 3167 ὅ.
765 3112 998 3167 Audiant
1024 3112 1280 3169 hicretici.
1310 3114 1365 3169 Si
1389 3129 1514 3169 vere
1537 3113 1590 3170 id
1617 3126 1829 3171 recusat
1853 3117 2039 3183 Filius,
2067 3132 2168 3175 nec

594 3212 674 3257 εει
704 3203 923 3272 aequalis
950 3203 1115 3271 Patri,
1146 3210 1243 3258 cur
1265 3219 1324 3260 se
1352 3216 1756 3275 exsuperantem
1783 3207 2040 3264 honorem
2062 3225 2166 3265 non

592 3294 801 3357 reiicit?
830 3294 1045 3348 Audivit
1068 3309 1099 3347 a
1138 3296 1366 3362 quodam
1392 3336 1407 3359 ,
1450 3296 1693 3366 Magister
1718 3299 1895 3367 bone,
1917 3308 1971 3355 et
1995 3299 2162 3367 dixit,

590 3381 694 3438 Cur
733 3399 813 3438 me
848 3384 974 3437 dicis
1023 3384 1252 3440 bonum!
1316 3385 1480 3441 Nemo
1526 3388 1682 3441 bonus
1726 3390 1824 3442 nisi
1866 3405 1995 3444 unus
2029 3387 2169 3445 Deus

593 3476 611 3545 (
644 3474 830 3530 Matth.
859 3476 947 3532 19.
980 3476 1067 3531 16.
1116 3477 1182 3531 17
1212 3477 1252 3549 ).
1282 3477 1429 3533 Licet
1454 3478 1582 3533 illud
1612 3480 1804 3547 bonus,
1827 3481 1987 3535 etiam
2027 3482 2168 3552 apud

591 3579 692 3621 nos
721 3565 772 3620 in
800 3581 897 3621 usu
918 3566 1006 3622 sit.
1036 3566 1167 3623 Illud
1192 3569 1316 3635 bene
1334 3570 1539 3635 audire,
1567 3579 1627 3625 ut
1661 3581 1718 3626 tu
1743 3573 2049 3643 suspicaris,
2072 3574 2169 3631 ali-

590 3659 801 3727 quando
819 3660 1117 3725 recusavit;
1146 3676 1322 3717 annon
1346 3663 1473 3718 illud
1494 3662 1633 3719 Deus
1657 3673 1711 3720 et
1736 3664 1982 3722 Dominus
2000 3668 2168 3723 multo

591 3749 760 3818 magis
796 3764 1046 3806 recusare
1067 3750 1294 3807 debuit?
1323 3733 1570 3826 M’agister
1608 3755 1752 3824 bone,
1783 3772 1848 3813 ac
1887 3759 2034 3820 dicit.
2066 3758 2170 3814 Cur

589 3854 672 3895 me
692 3840 816 3896 dicis
857 3842 1040 3897 bonum
1056 3843 1083 3897 γ
1106 3843 1203 3899 Hic
1229 3854 1407 3900 autem
1425 3887 1438 3911 ,
1469 3844 1719 3902 Dominus
1748 3865 1892 3903 meus
1911 3890 1926 3914 ,
1952 3859 2001 3904 et
2031 3850 2169 3906 Deus

590 3947 748 3995 meus,
773 3942 830 3988 et
852 3949 959 3988 non
998 3934 1147 4001 dicit,
1169 3934 1278 3990 Cur
1302 3952 1389 3992 me
1416 3935 1550 3992 dicis
1574 3938 1855 3994 Dominum
1889 3949 1943 3995 et
1968 3941 2169 3995 Deum?

590 4020 687 4077 sed
717 4021 808 4088 ibi,
837 4024 960 4093 quia
981 4038 1042 4080 se
1080 4024 1294 4096 indigna
1326 4041 1430 4081 vox
1475 4035 1591 4082 erat
1623 4027 1643 4099 (
1668 4044 1772 4084 non
1817 4030 1958 4085 enim
2000 4030 2165 4099 dixit,

593 4113 819 4168 Domine
867 4113 1044 4182 bone,
1100 4115 1235 4183 sed,
1286 4115 1533 4189 Magister
1565 4119 1752 4187 bone),
1800 4121 2054 4177 vilitatem
2081 4138 2171 4178 re-

589 4203 767 4273 spuit,
806 4218 869 4259 ac
899 4219 1009 4259 rem
1050 4206 1338 4276 gloriosam
1382 4208 1481 4263 sibi
1531 4207 1766 4263 admisit.
1814 4210 1911 4264 llic
1957 4226 2170 4282 quoque

591 4290 966 4361 reprehendit,
1020 4293 1116 4347 sed
1162 4295 1427 4350 contraria
1473 4295 1541 4351 de
1584 4311 1744 4353 causa
1789 4299 2184 4369 reprehendit,

590 4383 844 4454 quoniam
882 4383 938 4439 id
977 4384 1179 4439 tardius
1212 4384 1441 4442 dixerat.
1480 4387 2032 4459 Reprehenditillum,
2062 4409 2169 4451 non

589 4474 735 4546 quod
761 4475 1005 4543 dixisset,
1034 4475 1283 4532 Dominus
1303 4494 1463 4548 meus,
1491 4480 1585 4534 sed
1614 4480 1753 4551 quod
1781 4481 1983 4538 tardius
1996 4481 2170 4540 dixis-

594 4577 699 4622 set.
739 4566 874 4635 Quia
906 4566 1066 4638 igitur
1097 4567 1265 4624 vidisti
1301 4585 1413 4636 me,
1455 4571 1711 4626 credidisti
1739 4589 1759 4627 :
1788 4572 1919 4628 beati
1955 4577 2040 4643 qui
2068 4592 2170 4631 non

593 4658 860 4727 viderunt,
888 4669 938 4714 et
960 4659 1278 4715 crediderunt
1302 4659 1492 4733 (Ioan.
1522 4662 1614 4719 20.
1640 4663 1712 4720 29
1734 4665 1775 4733 ).
1807 4664 1955 4721 Unus
1984 4682 2171 4738 repre-

592 4749 793 4809 hensus
818 4759 935 4819 est,
965 4760 1020 4808 et
1062 4766 1161 4808 nos
1201 4767 1391 4809 omnes
1415 4754 1556 4810 beati
1605 4756 1780 4812 vocati
1824 4771 2049 4813 sumus:
2083 4760 2169 4816 illa

594 4841 791 4912 quippe
819 4841 1093 4898 beatitudo
1114 4844 1183 4899 ad
1207 4859 1308 4900 nos
1330 4860 1519 4901 omnes
1540 4848 1860 4916 pertransit,
1902 4859 1958 4905 et
1983 4851 2048 4905 ad
2076 4866 2170 4907 eos

590 4932 680 5002 qui
702 4940 824 5002 post
844 4948 941 4988 nos
966 4934 1129 4990 futuri
1167 4946 1325 5002 sunt;
1361 4937 1482 5006 quia
1510 4952 1630 4994 cum
1662 4939 1918 4995 miracula
1944 4941 2033 4995 illa
2062 4958 2170 4999 non

592 5023 708 5077 visu
736 5026 1130 5095 perceperimus
1151 5069 1168 5096 ,
1217 5029 1313 5084 sed
1341 5029 1446 5086 ﬁde
1471 5033 1852 5103 acceperimus,
1885 5037 2171 5107 participes

592 5124 771 5171 tamen
808 5130 993 5174 sumus
1026 5134 1233 5192 magna:
1257 5122 1400 5179 illius
1426 5124 1780 5197 gloriosmque
1802 5126 2167 5185 beatitudinis.

664 5209 718 5263 7.
757 5206 863 5264 Sed
888 5207 957 5263 ab
996 5210 1232 5281 historia,
1262 5230 1423 5285 quam
1451 5218 1768 5288 compendio
1800 5221 2165 5290 tractavimus,

593 5307 1043 5366 pertranseamus,
1088 5303 1135 5357 si
1158 5312 1337 5361 tamen
1362 5305 1626 5364 dictorum
1655 5309 1808 5380 copia
1843 5324 1951 5365 non
1977 5311 2169 5366 defati-

587 5383 698 5452 gati
719 5383 875 5448 estis,
894 5385 963 5442 ad
983 5386 1144 5443 aliam
1162 5393 1536 5464 propheticam
1551 5398 2000 5466 voeem.Qualem
2017 5390 2173 5456 vero?

592 5471 795 5542 Venite,
812 5479 1162 5537 ascendentes
1177 5483 1247 5537 ad
1264 5495 1489 5542 montem
1505 5489 1721 5546 Domini
1737 5490 1925 5564 (Misit.
1942 5492 1994 5546 4.
2012 5491 2090 5563 Ξ).
2106 5491 2191 5550 Et-

580 5568 1248 5632 enimamonteOlivarum
1260 5590 1573 5650 assumptus
1583 5593 1666 5639 est
1679 5578 2167 5653 SenatorJ’eaite,

579 5703 968 5817 tuasne
2064 5720 2169 5773 δα

2029 5883 2149 5907 ““1“ε(”ε
2155 5886 2189 5907 τι(
2206 5888 2215 5895 ⁸

1302 357 1357 414 S.
1394 351 1673 413 JOANNIS
1703 348 2176 409 CHRYSOSTOMI
2213 336 2533 405 ARCillEP.
2571 350 3100 409 CONSTANTINOP.

3709 363 3786 418 780

2275 466 2611 521 asc-eudamus
2637 466 2708 521 ad
2734 478 2952 523 montem
2987 468 3216 538 Domini,
3243 481 3294 528 et
3317 475 3384 529 ad
3404 475 3594 530 domum
3613 474 3694 529 Dei
3716 476 3793 529 Ju-

2277 558 2386 610 cob.
2418 558 2566 613 Diem
2593 568 2768 615 autem
2799 561 2942 616 illam
2969 563 3107 620 Deus
3135 565 3370 635 ejusdem
3399 572 3613 626 nominis
3630 573 3792 630 honore

2276 646 2520 717 dignatus
2544 660 2646 715 est,
2673 667 2780 721 quo
2800 668 2954 709 mons
2973 656 3337 724 appellabatur
3353 661 3390 714 ⁸.
3416 661 3610 716 Etenim
3633 665 3725 721 illic
3741 683 3791 723 ex

2279 748 2458 795 monte
2488 741 2576 809 qui
2604 743 2893 798 vocabatur
2915 745 3117 812 oliveti,
3138 761 3438 820 assumptus
3463 764 3544 808 est
3566 753 3790 822 Servatur,

2276 840 2333 884 et
2359 830 2443 885 hic
2475 832 2634 885 etiam
2666 832 2931 902 plantatur
2958 836 3118 901 oliva,
3147 855 3267 908 qua:
3294 850 3348 895 et
3375 845 3734 915 propinquitate
3754 861 3795 903 et

2276 919 2507 975 nominis
2540 922 2796 978 societate
2835 926 2999 980 veteri
3044 924 3281 984 historia:
3321 931 3477 987 ﬁdem
3522 933 3654 989 facit.
3691 936 3796 993 Nam

2274 1008 2426 1063 duxit
2463 1008 2714 1065 Servator
2741 1013 3031 1085 discipulos
3061 1017 3112 1071 in
3144 1018 3373 1075 Montem
3407 1023 3652 1081 olivarum
3677 1044 3705 1083 e
3725 1044 3795 1083 re-

2277 1099 2434 1167 gione
2467 1099 2783 1157 Jerusalem.
2813 1104 2879 1159 Et
2918 1106 2991 1161 illi
3018 1116 3071 1162 et
3102 1107 3227 1164 huic
3254 1111 3412 1181 igitur
3434 1115 3655 1170 animum
3678 1118 3797 1172 adhi-

2276 1190 2446 1245 beas:
2489 1192 2679 1258 Venite,
2727 1199 3057 1253 ascendamus
3098 1201 3168 1254 ad
3210 1214 3426 1259 montem
3461 1204 3672 1263 Domini.
3708 1210 3794 1266 Una

2272 1281 2621 1338 ascendamus
2645 1285 2908 1342 desiderio
2935 1297 2989 1343 et
3016 1290 3198 1357 verbo,
3224 1308 3391 1363 eaque
3407 1296 3683 1366 videamus,
3706 1318 3797 1371 quat

2274 1371 2521 1429 salutaris
2548 1374 2634 1430 illa
2661 1380 2952 1449 assumptio
2973 1380 3128 1437 nobis
3153 1395 3367 1452 operata
3389 1396 3474 1442 est
3500 1388 3589 1459 (α).

2344 1464 2398 1518 8.
2440 1462 2518 1518 De
2540 1466 2866 1536 inscriptione
2890 1468 3004 1524 libri
3024 1469 3306 1540 Actorum;
3332 1478 3445 1545 quis
3482 1479 3545 1531 sit
3576 1491 3732 1534 auctor
3750 1482 3799 1535 li-

2273 1553 2352 1608 bri
2391 1554 2649 1611 Actarum.
2671 1588 2745 1599 —
2777 1560 2909 1616 Volo
2948 1563 3125 1634 itaque
3154 1567 3325 1635 ipsum
3362 1571 3608 1627 Actorum
3641 1575 3797 1629 librum

2273 1660 2507 1711 sumere,
2538 1662 2602 1701 ac
2627 1649 2925 1705 minutatim
2973 1668 3005 1707 a
3035 1655 3297 1725 principio
3321 1660 3635 1728 examinare,
3667 1673 3715 1716 ut
3733 1663 3797 1717 di-

2272 1735 2395 1789 vina
2437 1735 2634 1792 ﬂuenta
2679 1741 2952 1796 vobiscum
3002 1743 3241 1800 hauriam
3272 1765 3287 1802 :
3314 1759 3473 1819 atque
3512 1762 3569 1806 ut
3605 1756 3800 1809 veritatis

2272 1825 2543 1882 institores
2570 1829 2847 1886 thesauros
2889 1846 3055 1889 sacra;
3081 1834 3370 1906 Scriptum
3397 1856 3500 1894 una
3527 1853 3796 1907 scrutemur;

2273 1926 2456 1984 utpote
2490 1919 2579 1988 qui
2618 1921 2924 1977 studeamus
2952 1925 3004 1979 in
3035 1926 3230 1995 pietate
3266 1928 3546 1986 ditescere.
3585 1933 3716 2000 Acta,
3739 1936 3800 1988 iu-

2271 2011 2404 2078 quit,
2431 2009 2809 2079 Apostolorum.
2835 2014 2932 2070 νει
2971 2017 3085 2087 ipse
3109 2019 3292 2076 titulus
3315 2038 3493 2078 rerum
3532 2026 3629 2080 vim
3669 2037 3799 2080 totam

2272 2101 2534 2167 enuntiat,
2556 2114 2743 2173 estque
2775 2108 3089 2174 prooemium
3115 2110 3277 2167 totius
3307 2114 3484 2183 operis
3511 2116 3794 2184 pollicitatio.

2270 2190 2455 2263 Neque
2494 2204 2667 2249 tamen
2693 2198 2930 2253 omnium
2953 2202 3313 2269 apostolorum
3353 2216 3471 2260 acta
3510 2206 3605 2262 hoc
3627 2208 3674 2261 in
3695 2208 3801 2262 libto

2272 2283 2515 2339 fet-untur
2544 2303 2559 2341 :
2590 2288 2686 2342 sed
2712 2288 2756 2342 si
2794 2289 2913 2359 quis
2951 2305 3063 2346 rem
3108 2304 3356 2350 accurate
3393 2306 3667 2363 scrutetur,
3707 2314 3800 2369 qua:

2274 2374 2442 2442 prima
2471 2375 2712 2431 feruntur
2739 2382 2794 2432 in
2831 2379 2987 2449 libro,
3018 2382 3158 2437 Petri
3197 2385 3452 2441 miracula
3478 2397 3531 2443 et
3547 2387 3798 2443 doctrinam

2272 2464 2551 2532 exhibent,
2579 2481 2745 2536 pauca
2774 2468 2842 2525 de
2862 2470 3080 2541 reliquis
3105 2475 3401 2542 apostolis;
3431 2489 3549 2547 post
3572 2478 3675 2535 haec
3701 2492 3800 2532 vero

2270 2553 2340 2611 de
2364 2555 2529 2610 Paulo
2558 2565 2699 2612 totus
2726 2559 2859 2614 liber
2880 2560 3191 2616 absolvitur.
3221 2563 3410 2620 Petrus
3431 2583 3556 2637 ergo
3582 2582 3801 2622 memora-

2272 2654 2359 2702 tur
2384 2659 2439 2703 et
2465 2648 2684 2718 Paulus,
2716 2661 2770 2706 ct
2793 2653 3062 2722 quomodo
3096 2656 3334 2711 omnium
3372 2660 3711 2728 apostolorum
3733 2659 3799 2713 di-

2269 2747 2464 2793 cuntur
2504 2741 2661 2795 acta?
2701 2741 2892 2797 Verum
2925 2744 3068 2813 quia,
3117 2748 3412 2803 secundum
3444 2751 3671 2816 Paulum,
3705 2766 3799 2805 cum

2269 2831 2440 2901 gloria
2463 2830 2692 2888 afﬁcitur
2720 2849 2882 2889 unum
2917 2839 3236 2905 membrum,
3259 2841 3429 2909 gloria
3454 2842 3577 2897 item
3604 2842 3802 2897 alliciat»

2271 2929 2358 2976 tur
2383 2923 2563 2976 omnia
2591 2924 2851 2990 membra,
2885 2925 3006 2980 ideo
3048 2942 3153 2982 non
3198 2929 3469 3000 inscripsit
3509 2932 3802 3002 historiogra-

2270 3011 2408 3084 phus
2443 3014 2573 3069 Acta
2618 3014 2763 3071 Petri
2804 3025 2860 3071 et
2907 3017 3079 3084 Pauli,
3127 3019 3219 3074 sed
3263 3024 3392 3076 Acta
3434 3024 3797 3094 Apostolorum;

2268 3106 2567 3160 communis
2592 3115 2675 3161 est
2704 3108 3031 3176 pollicitatio.
3073 3110 3369 3177 Qumrimus
3395 3128 3525 3184 ergo
3558 3114 3667 3184 quis
3691 3113 3801 3165 hunc

2269 3196 2522 3251 Actorum
2552 3196 2745 3251 librum
2773 3197 3113 3254 adornaverit
3141 3217 3155 3254 :
3184 3202 3313 3256 varii
3336 3203 3505 3271 enim,
3534 3204 3798 3273 scriptorem

2268 3286 2391 3341 libri
2419 3287 2720 3344 nescientes
2762 3289 2814 3343 in
2844 3290 3016 3344 varias
3048 3290 3203 3345 divisi
3235 3300 3361 3346 sunt
3386 3294 3697 3359 sententias;
3732 3292 3798 3345 alii

2271 3377 2456 3433 dicunt
2483 3379 2599 3449 ejus
2617 3388 2890 3435 auctorem
2911 3396 3031 3436 esse
3055 3383 3383 3438 Clementem
3414 3385 3715 3449 Romanum,
3732 3381 3799 3435 alii

2268 3459 2591 3537 Barnabam,
2630 3469 2720 3524 alii
2748 3468 2946 3525 Lucam
2973 3473 3370 3542 evangelistam.
3403 3474 3653 3543 Quoniam
3675 3474 3800 3543 igitur

2270 3560 2349 3616 illi
2377 3561 2433 3615 in
2460 3561 2636 3616 varias
2652 3563 2854 3617 abeunt
2876 3565 3189 3632 sententias,
3214 3567 3386 3636 ipsum
3412 3568 3709 3637 scriptorem
3725 3578 3800 3634 pro

2269 3650 2558 3721 interprete
2580 3652 2921 3723 accipiamus,
2951 3655 3192 3725 quisnam
3221 3656 3309 3711 ille
3340 3656 3433 3725 sit,
3456 3658 3578 3729 quid
3601 3665 3738 3727 agat;
3759 3663 3800 3706 ct

2271 3757 2397 3797 num
2440 3742 2509 3797 de
2549 3745 2727 3814 seipse
2753 3746 3025 3815 quidpiam
3068 3747 3346 3817 signiﬁcet.
3392 3750 3619 3803 Primum
3638 3746 3800 3816 quidem

2270 3848 2547 3888 sermonem
2589 3834 2686 3905 feci
2728 3836 2793 3890 de
2833 3835 3084 3904 omnibus,
3126 3854 3158 3891 o
3203 3837 3482 3910 Theophile
3525 3840 3650 3910 (Act.
3676 3836 3797 3904 LI)-

2272 3923 2404 3980 Cum
2444 3925 2597 3992 dixit,
2637 3925 2891 3996 Primum,
2919 3938 3156 3985 mentem
3195 3939 3433 3986 nostram
3474 3933 3576 3986 alio
3602 3928 3798 3989 remittit.

2271 4022 2332 4068 ut
2353 4030 2652 4084 quaaramus
2679 4031 2839 4085 quem
2861 4020 3089 4088 primum
3113 4020 3255 4075 dicat
3273 4036 3598 4077 sermonem.
3622 4020 3732 4075 Nam
3764 4016 3799 4069 si

2272 4103 2413 4159 hunc
2437 4106 2608 4161 solum
2627 4107 2902 4177 edidisset,
2927 4125 3036 4165 non
3060 4110 3281 4179 diceret,
3311 4110 3548 4167 Primum
3569 4123 3799 4167 sermonem

2273 4198 2392 4270 feci.
2433 4198 2532 4253 Hic
2565 4199 2724 4270 igitur
2761 4200 2898 4256 liber
2939 4204 3207 4259 secundus
3245 4218 3366 4260 esse
3392 4202 3796 4276 deprehenditur:

2272 4288 2504 4359 primum
2532 4292 2675 4345 enim
2695 4290 2806 4361 jam
2830 4291 3034 4348 fecerat
3065 4311 3079 4346 :
3108 4309 3264 4364 quem
3290 4310 3420 4350 vero
3449 4298 3665 4367 primum
3689 4292 3803 4346 lece-

2270 4379 2362 4445 rit,
2421 4381 2536 4450 ipse
2588 4380 2835 4436 iudicat:
2875 4382 3109 4438 Primum
3167 4385 3367 4455 quidem
3419 4402 3682 4441 sermonem
3724 4383 3797 4453 Iw

2272 4472 2338 4525 de
2385 4472 2634 4538 omnibus,
2679 4490 2711 4528 ο
2743 4472 3038 4546 Theopltile,
3073 4492 3187 4547 quat
3220 4477 3369 4545 coepit
3401 4477 3555 4534 Jews
3595 4481 3737 4547 [arae
3762 4476 3796 4522 at

2274 4563 2477 4618 docere.
2522 4563 2614 4619 Sic
2653 4573 2797 4633 patet
2823 4579 2948 4619 eum
2995 4566 3049 4621 in
3074 4567 3260 4636 primo
3284 4580 3533 4623 sermone
3567 4582 3664 4622 non
3697 4564 3792 4617 Acta

2272 4655 2659 4724 composuisse,
2727 4655 2823 4710 sed
2860 4656 3245 4727 Evangelium;
3303 4659 3521 4730 primum
3568 4665 3796 4714 sermonm

2272 4759 2381 4801 non
2408 4747 2606 4800 versari
2631 4747 2774 4803 circa
2811 4762 2875 4802 ea
2903 4764 3024 4819 qua:
3048 4749 3236 4805 Petrus
3263 4758 3320 4806 et
3355 4751 3548 4806 Paulus
3581 4750 3792 4805 fecerunt.

2272 4835 2366 4890 sed
2392 4836 2535 4891 circa
2559 4852 2673 4907 qua:
2697 4839 2848 4909 capit
2875 4837 3027 4893 Iesus
3043 4841 3210 4911 facere
3235 4851 3281 4896 et
3314 4843 3508 4897 docere.
3541 4842 3701 4897 Palam
3726 4835 3790 4904 isi;

2273 4936 2361 4982 tur
2383 4937 2466 4984 est
2505 4928 2728 4996 Lucam,
2754 4932 2845 5001 qui
2885 4932 3228 5003 Evangelium
3262 4937 3495 5006 scripsit,
3524 4936 3671 4991 etiam
3697 4933 3791 4985 Act:

2271 5017 2522 5074 edidisse.
2574 5019 2770 5075 Verum
2810 5023 3048 5089 attende,
3102 5024 3376 5080 videamus
3419 5042 3545 5080 num
3588 5026 3693 5094 ipse
3729 5020 3791 5073 sit.

2273 5109 2508 5167 Primum
2548 5113 2751 5182 quidem
2786 5130 3064 5170 sermonem
3088 5117 3187 5186 feci
3224 5118 3288 5170 de
3311 5119 3556 5183 omnibus,
3605 5132 3632 5168 o
3666 5111 3795 5167 Τιθω-

2276 5204 2435 5273 phile,
2462 5221 2577 5275 quis
2603 5207 2750 5275 erepit
2767 5206 2921 5263 Iesus
2945 5213 3113 5279 facere
3137 5218 3185 5264 et
3215 5209 3413 5273 docere,
3441 5225 3587 5280 usque
3611 5208 3656 5260 in
3673 5205 3792 5262 diem.

2272 5310 2373 5364 qua
2391 5296 2687 5366 prwcipiens
2706 5297 2949 5367 apostolis
2968 5315 3057 5369 per
3074 5298 3324 5369 Spiritum
3341 5309 3581 5367 sanctum,
3596 5310 3704 5369 quos
3721 5290 3793 5345 ἅδ’

2273 5388 2367 5458 θίιι
2393 5399 2682 5460 αεπιηιρειω
2709 5400 2818 5458 est;
2845 5405 2911 5446 ac
2932 5391 2981 5447 si
3015 5391 3239 5460 diceret,
3268 5392 3487 5449 Narravi
3524 5400 3630 5446 acta
3658 5395 3702 5441 et
3717 5382 3794 5437 do-

2337 5542 2355 5612 ξ
2379 5548 2494 5614 ptio
2515 5550 2622 5593 Mss.
2644 5546 2778 5614 Regii
2803 5558 2816 5614 ;
2840 5544 3086 5614 Civilium
3120 5552 3279 5597 autem
3299 5552 3506 5599 nostram
3525 5540 3793 5608 ejudemtto-

2272 5601 2415 5670 Μῆτίς
2433 5602 2610 5655 honore
2646 5601 2872 5670 άίᾱπαηιε
2901 5612 2989 5670 εδει

2333 5665 2409 5727 (a)
2442 5671 2553 5715 Ilaec
2573 5678 2685 5729 qua:
2963 5668 3202 5727 feruntur,
3220 5682 3314 5720 nec
3334 5682 3442 5720 enim

2272 5718 2368 5775 nec
2381 5718 2492 5775 cuin
2512 5718 2835 5790 sequentibus
2848 5729 3112 5780 cohaerent.
3154 5718 3277 5789 Qui
3290 5718 3502 5800 numeris
3521 5718 3792 5791 εθφιθιιαδω

2273 5784 2320 5834 8.
2345 5788 2393 5837 9.
2415 5794 2468 5838 et
2493 5789 2573 5839 10.
2609 5787 2847 5854 feruntur,
2876 5803 2996 5843 vere
3017 5790 3335 5855 Chrysostouu
3356 5801 3482 5844 sunt.
