4044 6448
280 396 379 452 781

284 508 516 563 ctrinam
541 504 845 563 Servatoris
873 522 1041 577 usque
1066 507 1133 562 ad
1153 506 1597 578 assumptionem.
1625 505 1874 561 Animum

292 597 568 662 adhibete,
601 597 843 652 obsecro.
888 598 1117 663 Primus,
1167 599 1357 667 inquit,
1389 598 1524 653 liber
1549 612 1700 652 meus
1733 611 1880 651 com-

288 690 541 759 plectitur
579 704 741 761 opera
771 689 977 744 Domini
1012 698 1066 744 ct
1105 690 1400 745 doctrinam
1432 690 1567 758 ejus,
1600 689 1885 760 pertingit-

289 796 401 849 que
433 778 635 849 primus
655 779 747 834 ille
769 780 904 834 liber
932 796 1098 849 usque
1135 780 1199 834 ad
1246 780 1689 850 assumptionem.
1720 778 1884 832 Com-

291 873 476 942 peries
526 879 705 932 autem
757 886 856 925 nec
885 871 1190 926 Matthzcum
1234 888 1299 927 ex
1331 880 1465 936 toto,
1509 886 1609 926 nec
1651 870 1886 925 Marcum

296 964 403 1019 nisi
433 979 496 1023 es
525 972 675 1033 parte
705 972 929 1028 tantum,
972 979 1071 1018 nec
1110 964 1366 1019 Joannem
1402 962 1762 1032 complevisse
1802 970 1890 1015 to-

299 1064 413 1112 tum
446 1055 786 1124 Evnngelium
814 1070 983 1126 usque
1018 1055 1085 1109 ad
1124 1055 1567 1125 assumptionem,
1598 1053 1694 1109 sed
1725 1066 1889 1107 unum

297 1144 521 1206 laneam.
547 1145 677 1200 Nam
707 1145 985 1199 Matthteus
1023 1145 1162 1199 hunc
1193 1144 1353 1200 habet
1382 1142 1655 1213 Evangelii
1686 1141 1846 1196 linem
1874 1158 1888 1194 :

302 1234 555 1293 Undecim
585 1246 754 1289 autem
780 1235 1020 1305 discipuli
1058 1236 1287 1290 abierunt
1315 1236 1367 1289 in
1396 1245 1612 1289 montem
1639 1232 1890 1295 Galiltt'as,

299 1328 394 1381 ubi
430 1328 753 1381 constituerat
793 1328 898 1383 illis
935 1326 1108 1381 Jesus.
1150 1326 1298 1383 Visus
1351 1336 1422 1382 est
1459 1335 1629 1380 autem
1677 1324 1802 1390 illis,
1847 1331 1894 1376 et

300 1419 642 1472 adoraverunt
664 1435 810 1484 eum;
829 1429 874 1471 et
900 1418 1027 1473 dixit
1051 1435 1071 1473 :
1092 1416 1287 1473 Euntes
1315 1418 1486 1471 docete
1514 1432 1686 1473 omnes
1705 1425 1892 1487 gentes.

302 1507 381 1561 Et
424 1526 536 1562 ecce
579 1526 669 1581 ego
703 1510 955 1564 vobiscum
1001 1526 1113 1568 sum
1158 1509 1388 1565 omnibus
1414 1508 1586 1561 diebus
1632 1522 1789 1575 usque
1831 1503 1899 1557 ad

303 1599 793 1657 consummationem
841 1601 1014 1653 saeculi
1043 1598 1254 1671 (Matth.
1294 1598 1388 1654 28.
1425 1594 1660 1668 16π20).
1704 1595 1773 1650 Ει
1812 1594 1901 1649 hic

306 1690 438 1744 ﬁnis
471 1691 761 1759 Evangelii.
792 1690 1073 1758 Quomodo
1119 1699 1299 1744 autem
1342 1699 1647 1758 assumptus
1675 1687 1764 1751 sit,
1796 1699 1901 1739 non

306 1782 469 1839 dixit.
494 1781 700 1837 Murcus
729 1782 973 1837 similiter
996 1781 1123 1836 dicit
1154 1798 1167 1835 :
1201 1779 1265 1834 Et
1304 1794 1515 1850 egressa:
1534 1788 1651 1833 sunt
1672 1776 1903 1831 mulieres

306 1873 379 1929 de
408 1885 750 1940 monumento,
781 1883 826 1926 et
856 1873 1041 1926 nemini
1068 1872 1343 1943 quidquam
1371 1871 1635 1936 dixerunt;
1665 1868 1904 1922 timebant

307 1966 449 2020 enim
482 1964 669 2037 (Marc.
705 1966 789 2021 16.
820 1966 900 2035 8).
934 1966 996 2018 Et
1026 1964 1207 2034 paucis
1235 1964 1560 2032 interpositis
1590 1962 1657 2017 de
1686 1976 1901 2016 assum-

311 2058 501 2125 ptione
546 2058 623 2111 sic
674 2058 908 2112 breviter
952 2057 1220 2127 loquitur:
1253 2055 1320 2109 Et
1379 2054 1628 2108 Dominus
1683 2053 1904 2124 quidem,

312 2158 584 2218 postquam
615 2148 853 2218 loquutus
893 2158 966 2202 est
1011 2148 1103 2211 eis,
1135 2156 1425 2216 assumptus
1454 2154 1525 2201 est
1554 2145 1606 2197 in
1636 2143 1837 2209 ctelum,
1862 2150 1909 2201 et

311 2240 457 2294 sedet
482 2256 513 2292 a
551 2241 741 2293 dextris
771 2239 885 2293 Dei.
927 2238 1018 2292 Illi
1055 2248 1221 2293 autem
1262 2237 1474 2308 profecti
1516 2235 1911 2307 praedicaverunt

311 2329 521 2401 ubique,
568 2330 785 2385 Domino
823 2339 1145 2399 cooperante,
1185 2338 1232 2384 et
1262 2343 1542 2384 sermonem
1582 2327 1913 2393 conﬁrmante

313 2420 642 2489 sequentibus
668 2421 848 2491 signis.
876 2421 1037 2474 Amen
1065 2419 1227 2490 (Ibid.
1268 2436 1316 2473 υ.
1365 2418 1454 2473 19.
1494 2416 1610 2487 20).
1658 2416 1754 2470 llic
1792 2415 1914 2472 linis

315 2511 617 2579 Evangelii.
649 2511 705 2564 lo
727 2511 903 2565 Marco
920 2509 1300 2579 assumptionis
1331 2508 1533 2564 mentio
1557 2521 1663 2563 non
1693 2515 1775 2561 est
1801 2505 1916 2561 fuse

315 2600 612 2671 descripta.
644 2602 878 2656 Joannes
909 2618 1039 2657 vero
1060 2602 1390 2657 Salvatorem
1429 2599 1495 2661 ad
1535 2610 1779 2669 stagnum
1820 2598 1918 2652 Ti-

317 2691 558 2747 beriadis
577 2694 888 2763 apparuisse
915 2704 1116 2758 narrat,
1137 2693 1316 2761 aitque
1337 2708 1349 2743 :
1368 2688 1505 2745 Dicit
1536 2689 1711 2756 Petro,
1747 2687 1914 2754 Petra,

318 2782 497 2854 diligis
519 2802 597 2841 me
627 2784 805 2855 (Joan.
827 2785 915 2844 21.
940 2784 1072 2856 15)?
1099 2792 1152 2843 et
1179 2784 1446 2854 dialogum
1475 2783 1733 2852 implevit.
1762 2782 1919 2837 Certe

318 2876 562 2931 Joannes
602 2876 690 2933 hic
735 2877 904 2943 stetit,
959 2892 1059 2931 nec
1104 2876 1420 2931 memoravit
1460 2874 1916 2943 assumptioncm;

320 2968 425 3023 sed
453 2967 583 3023 dicit
607 2986 620 3021 :
646 2969 815 3023 Multa
839 2970 1040 3040 quidem
1079 2970 1186 3023 alia
1226 2970 1373 3040 signa
1402 2969 1519 3039 fecit
1545 2967 1714 3031 Iesus,
1738 2982 1849 3035 qua:
1877 2966 1920 3019 si

320 3058 610 3116 scribantur
635 3078 724 3131 per
743 3062 967 3140 singula,
1000 3076 1091 3114 nec
1113 3061 1278 3129 ipsum
1306 3058 1524 3111 arbitror
1562 3056 1805 3110 mundum
1830 3072 1920 3110 ca-

323 3169 450 3223 pere
476 3169 620 3223 posse
639 3170 743 3220 eos,
763 3154 847 3223 qui
867 3153 1119 3207 scribendi
1146 3161 1281 3217 sunt,
1307 3152 1460 3205 libros
1482 3149 1663 3218 (Joau.
1688 3148 1751 3203 21
1767 3185 1779 3199 .
1802 3147 1919 3219 25).

325 3242 444 3301 Nec
489 3242 724 3299 Joannes
768 3245 968 3314 itaque,
1003 3257 1102 3297 nec
1141 3241 1420 3297 Matthaeus
1460 3241 1679 3295 omnino
1713 3254 1924 3294 assum-

326 3335 571 3406 ptionem
627 3342 1011 3400 memorarunt,
1057 3348 1157 3387 nec
1204 3332 1414 3387 Marcus
1461 3330 1578 3386 fuse
1615 3329 1923 3398 descripsit.

327 3426 535 3482 Verum
564 3425 737 3481 Lucas
767 3442 933 3496 usque
960 3424 1025 3479 ad
1056 3424 1477 3494 assumptionem
1507 3421 1771 3491 explicate
1798 3434 1928 3474 nar-

326 3516 597 3574 rationem
628 3524 987 3586 prosequutus
1012 3523 1112 3569 est.
1137 3513 1261 3568 ldeo
1288 3513 1446 3571 dicit;
1471 3511 1704 3565 Primum
1728 3509 1927 3581 quidem

328 3625 612 3665 sermonem
634 3608 731 3678 feci
761 3608 824 3661 de
848 3608 1099 3672 omnibus,
1129 3621 1158 3658 o
1189 3603 1489 3671 Theophila,
1525 3616 1636 3669 qua:
1661 3600 1809 3671 coepit
1836 3597 1931 3651 Je-

329 3717 424 3755 sus
452 3704 619 3767 facere
647 3707 693 3752 et
716 3699 916 3762 docere,
948 3713 1104 3768 usque
1128 3700 1180 3749 in
1216 3697 1347 3750 diem
1366 3711 1466 3764 qua
1486 3693 1781 3763 prwcipiens
1805 3708 1933 3761 ape?

322 3792 503 3856 stolis,
526 3808 652 3859 quos
671 3791 839 3860 elegit,
868 3798 1157 3858 assumptus
1182 3785 1410 3855 est(Act.
1439 3786 1490 3844 1.
1526 3786 1577 3839 1.
1608 3784 1689 3855 2).

411 3884 466 3938 9.
509 3884 608 3950 Qui
636 3884 700 3938 sit
730 3882 1063 3951 Theophilus,
1090 3880 1233 3934 initio
1262 3878 1377 3933 libri
1407 3876 1648 3930 Actorum
1675 3890 1927 3928 memora-

337 3984 446 4032 tus.
469 4004 541 4014 —
576 3974 707 4041 Quis
734 3982 818 4029 est
860 3973 947 4027 hic
972 3970 1336 4040 Theophilus?
1380 3968 1471 4022 Illo
1514 3978 1752 4037 tempore
1790 3981 1932 4037 pra:-

342 4064 518 4122 l'ectus
543 4074 693 4132 erat,
726 4073 781 4120 et
820 4065 872 4118 in
900 4063 1215 4134 praefectura
1245 4077 1341 4121 sua
1369 4060 1800 4127 prtedicationem
1841 4076 1934 4112 su-

340 4157 561 4225 scepit;
625 4169 690 4210 ac
742 4154 1189 4226 quemadmodum
1245 4151 1528 4223 proconsul
1576 4150 1736 4222 Cypri
1788 4151 1937 4205 Pauli

343 4248 784 4318 praedicationem
811 4248 862 4303 in
892 4248 1263 4317 proconsulatu
1291 4246 1561 4318 suscepit:
1589 4246 1666 4299 sic
1691 4253 1745 4300 et
1765 4243 1940 4299 Theo-

345 4312 526 4413 philus
553 4342 681 4401 dum
728 4312 1017 4411 prtefectus
1058 4350 1201 4396 esset
1246 4312 1679 4410 przedicationem
1724 4337 1941 4392 admisit

344 4433 510 4493 Lucae
555 4434 872 4489 ministerio.
924 4434 1149 4504 Rogavit
1194 4441 1370 4487 autem
1398 4441 1453 4488 et
1480 4432 1690 4487 beatum
1718 4431 1938 4498 Lucam,

346 4535 410 4581 ut
455 4525 833 4595 Apostolorum
877 4525 1009 4580 Acta
1055 4524 1155 4579 sibi
1200 4523 1583 4579 conscriberet.
1619 4522 1937 4585 Servatoris,

346 4618 546 4687 inquit,
573 4627 718 4689 gesta
746 4634 832 4674 me
859 4617 1087 4673 docuisti
1113 4633 1130 4681 ;
1158 4614 1293 4670 doce
1317 4630 1405 4669 me
1431 4614 1590 4669 etiam
1611 4623 1758 4684 gesta
1785 4613 1944 4669 disci-

348 4710 599 4779 pulorum
628 4710 796 4779 ipsius
823 4725 838 4765 :
867 4708 987 4765 ideo
1012 4708 1090 4762 illi
1116 4706 1407 4762 secundum
1433 4705 1626 4760 librum
1653 4714 1942 4776 nuncupat.

351 4802 570 4858 Etenim
598 4802 940 4871 Evangelium
968 4798 1259 4856 secundum
1284 4799 1479 4854 Lucam
1504 4796 1570 4852 ad
1592 4797 1943 4869 Theophilum

349 4893 610 4963 scriptum
637 4902 740 4961 est.
774 4893 1051 4950 Undenam
1082 4892 1132 4948 id
1180 4891 1465 4962 probetur,
1513 4891 1627 4961 ipse
1655 4889 1825 4944 Lucas
1861 4890 1944 4944 in-

352 4986 503 5040 dicat
544 5003 558 5039 :
602 4985 855 5052 Quoniam
899 4985 1100 5055 quidem
1146 4983 1294 5038 multi
1343 4984 1512 5037 conati
1553 4991 1667 5036 sunt
1714 4981 1949 5036 ordinare

350 5075 702 5129 narrationem
745 5091 953 5140 rerum,
998 5077 1063 5128 de
1084 5074 1268 5144 quibus
1307 5074 1541 5127 certiores
1587 5072 1710 5141 facti
1752 5086 1946 5134 sumus,

354 5170 493 5224 sicut
530 5168 846 5224 tradiderunt
875 5166 1051 5233 nobis,
1096 5168 1182 5235 qui
1213 5166 1276 5219 ab
1314 5166 1460 5219 initio
1488 5164 1586 5235 ipsi
1611 5164 1839 5217 uiderunt
1858 5203 1872 5227 ,
1904 5168 1950 5214 et

352 5258 580 5312 ministri
608 5263 815 5329 fuerunt
840 5258 1085 5311 sermonis
1110 5272 1129 5310 :
1153 5257 1312 5310 visum
1339 5264 1413 5309 est
1442 5265 1487 5309 et
1514 5254 1659 5318 mihi,
1686 5260 1950 5319 assequuto

355 5350 535 5403 omnia
574 5366 608 5402 a
653 5348 903 5418 principio
925 5389 939 5413 ,
972 5347 1238 5417 diligenter
1279 5361 1342 5401 ea:
1368 5345 1546 5400 ordine
1590 5344 1678 5398 tibi
1716 5341 1947 5407 scribere,

358 5440 551 5509 Optime
580 5439 890 5510 Tlteophile,
932 5447 987 5492 ut
1034 5453 1305 5509 cognoscas
1348 5451 1522 5490 eorum
1562 5433 1858 5498 verborum,
1890 5431 1953 5485 de

360 5530 545 5603 quibus
573 5530 800 5587 eruditus
827 5548 901 5597 es,
926 5530 1178 5583 veritatem
1207 5527 1361 5601 (Luc.
1390 5528 1441 5581 1.
1470 5527 1611 5595 1-4).
1645 5523 1774 5579 illud
1799 5537 1948 5586 vero,

364 5624 604 5693 Optime,
648 5631 729 5677 est
762 5620 914 5691 quasi
940 5620 1370 5693 Splendidissime
1401 5637 1414 5672 :
1446 5630 1573 5675 tunc
1598 5619 1737 5673 enim
1768 5617 1953 5686 splen-

360 5714 660 5774 didissimis
714 5713 829 5770 haec
875 5714 1106 5783 dignitas
1169 5711 1518 5769 tribuebatur.
1568 5708 1844 5766 Undenam
1900 5706 1951 5761 id

362 5805 708 5886 perspicuum
732 5805 859 5867 est?
897 5803 1088 5863 Festus
1114 5819 1311 5870 praeses
1339 5803 1470 5857 dicit
1497 5800 1689 5865 Paulo,
1720 5797 1945 5861 Insanis.

972 392 1040 448 IN
1080 392 1545 450 ASCENSIOXE)!
1588 394 1647 447 1).
1690 392 1753 447 Ν.
1796 392 1846 448 .I.
1888 393 1949 449 C.
1995 394 2083 450 ET
2124 394 2188 450 IN
2227 392 2515 450 PRINCIP.
2556 392 2709 450 ΛΒΤ.
2752 393 2813 448 11.

3458 392 3568 452 7⁵η

1992 507 2153 562 Paule
2177 522 2196 561 :
2223 506 2307 562 cui
2334 507 2421 563 ille
2450 525 2463 562 :
2495 506 2615 562 Non
2645 507 2863 573 insanio,
2894 508 3077 578 Optime
3108 506 3259 562 Feste
3301 506 3450 577 (Act.
3474 508 3562 563 ili.

1985 599 2116 669 2.5),
2150 601 2426 671 prtesidcm
2456 600 2782 670 compellans
2810 617 2823 652 :
2854 600 2933 655 sic
2960 610 3012 654 et
3041 600 3147 667 hic,
3179 601 3379 671 Optime
3401 597 3570 653 Theo,

1991 692 2144 763 phile.
2173 691 2304 746 Cum
2332 693 2507 762 itaque
2537 692 2602 746 de
2624 691 2911 761 Evangelio
2936 691 3163 762 prinnnn
3187 690 3360 745 Lucas
3381 690 3572 763 loquu-

1992 789 2076 837 tus
2102 791 2263 847 esset,
2299 782 2441 852 quod
2467 789 2867 852 nuncupaverat
2894 780 3190 850 Theophilo
3211 821 3227 846 ,
3274 794 3458 835 rursus
3488 795 3574 834 sc.-

1992 872 2224 928 cundum
2271 874 2461 928 librum
2511 873 2684 929 eidem
2733 872 3028 942 Theophilo
3073 882 3360 941 nuncupat.
3407 870 3575 939 Quom

1993 966 2230 1021 librum?
2272 965 2500 1020 Primum
2542 966 2741 1038 quidem
2777 980 3055 1019 sermonem
3099 963 3194 1035 feci
3236 961 3299 1016 de
3327 960 3573 1023 omnibus,
3596 1028 3609 1039 ο

1997 1074 2027 1112 o
2055 1058 2350 1129 Tlteophile,
2380 1074 2493 1129 qua:
2517 1059 2664 1127 capit
2688 1055 2837 1111 Iesus
2868 1061 3034 1128 facere
3057 1065 3103 1110 et
3132 1054 3327 1108 docere.
3362 1053 3430 1107 Et
3450 1066 3580 1122 quo-

1998 1165 2166 1222 usque
2202 1166 2504 1207 sermonem
2546 1150 2759 1207 fecisti?
2789 1149 2959 1221 Usque
2991 1149 3044 1203 in
3074 1149 3206 1202 diem
3224 1189 3240 1214 ,
3268 1163 3369 1217 qua
3397 1145 3579 1214 praecl,

1999 1241 2141 1311 piens
2186 1242 2429 1313 apostolis
2453 1284 2468 1307 .
2518 1259 2643 1305 quos
2685 1241 2833 1313 elegit
2884 1257 2974 1311 per
3019 1238 3270 1310 Spiritum
3328 1246 3578 1301 sanctum,

1999 1343 2286 1403 assumptus
2310 1343 2403 1387 est.
2454 1333 2549 1388 Est
2577 1343 2752 1388 autem
2801 1332 2930 1387 illud
2977 1347 3071 1401 per
3114 1330 3444 1402 hyperbaton
3488 1343 3582 1382 seu

2004 1424 2468 1494 tranSpnsitionem
2526 1425 2746 1479 dictum.
2813 1407 3161 1494 Evnngeliumr
3215 1419 3492 1499 composui
3552 1434 3581 1471 a

2004 1517 2291 1586 principio,
2324 1518 2512 1588 inquit,
2542 1532 2710 1586 usque
2740 1518 2791 1571 in
2819 1516 2962 1572 diem
2980 1557 2996 1581 ,
3024 1530 3126 1586 qua
3149 1521 3452 1583 assumptus
3478 1520 3582 1572 est.

2004 1618 2282 1679 postquam
2326 1609 2584 1679 apostolis
2610 1652 2624 1676 ,
2655 1623 2789 1679 quos
2829 1607 3097 1678 elegerat,
3130 1613 3394 1676 prtecepta
3422 1602 3583 1657 dedit.

2006 1700 2257 1754 Animum
2296 1699 2525 1766 adhibe,
2556 1714 2758 1770 qumso.
2797 1698 2990 1775 Quibus
3032 1709 3080 1751 et
3125 1695 3339 1767 praebuit
3375 1693 3588 1769 seipsum

2007 1792 2174 1846 vivum
2222 1801 2334 1862 post
2381 1792 2665 1862 passionem
2694 1807 2860 1846 suam.
2902 1789 3034 1844 Vide
3073 1787 3412 1857 evangelista
3456 1783 3598 1839 ﬁdu-.

2009 1883 2144 1937 ciam
2176 1900 2189 1937 :
2220 1898 2288 1938 ne
2313 1884 2364 1936 in
2393 1883 2613 1937 Actibus
2638 1881 3013 1952 Apostolorum
3039 1878 3251 1950 quidem
3274 1876 3599 1946 theologiam

2011 1975 2285 2046 relinquit.
2314 1974 2430 2029 Non
2457 1975 2624 2042 dixit,
2655 1974 2859 2051 Quibus
2896 1986 3192 2042 apparens;
3234 1969 3361 2037 sed,
3405 1966 3602 2033 Quibus

2015 2066 2231 2136 praebuit
2255 2066 2477 2136 seipsum
2500 2066 2685 2120 vivum.
2715 2064 2847 2119 Nam
2876 2064 3102 2129 Solvite,
3131 2061 3330 2133 inquit,
3360 2058 3599 2131 templum

2016 2159 2112 2212 Itoc
2133 2200 2148 2225 ,
2177 2169 2222 2211 et
2253 2158 2306 2211 in
2335 2157 2491 2213 tribus
2528 2156 2701 2211 diebus
2737 2154 2959 2211 excitabo
2988 2153 3134 2208 illud.
3173 2151 3366 2220 Quibus
3392 2150 3602 2221 praebuit

2016 2250 2239 2320 seipsum
2282 2249 2447 2302 virum
2475 2256 2588 2318 post
2628 2246 2914 2318 passionem
2955 2259 3101 2300 suam
3141 2243 3196 2296 in
3236 2241 3405 2295 multis
3442 2256 3602 2310 argu-v

2017 2340 2197 2394 mentis
2226 2356 2316 2410 per
2339 2340 2446 2393 dies
2471 2339 2811 2409 quadraginta
2837 2352 3089 2407 apparens
3119 2334 3213 2399 eis,
3241 2342 3286 2387 et
3314 2332 3520 2397 loquens
3544 2330 3605 2395 de

2018 2449 2172 2503 regno
2201 2431 2295 2485 Dei
2325 2430 2503 2503 (Joan.
2530 2431 2583 2485 2.
2617 2428 2712 2501 l9)
2741 2430 2780 2481 ι.

2092 2523 2180 2579 10.
2224 2521 2474 2589 Attende,
2503 2535 2704 2594 qua‘so.
2733 2519 2801 2574 In
2838 2519 3009 2573 multis
3047 2514 3357 2598 argumentis
3386 2528 3473 2583 per
3502 2510 3608 2573 dies

2020 2616 2359 2689 quadraginta
2388 2631 2641 2688 apparens
2686 2614 2757 2667 eis
2781 2655 2796 2679 ,
2846 2620 2894 2667 et
2938 2611 3143 2681 loquens
3190 2608 3252 2661 de
3300 2619 3454 2677 regno
3490 2601 3607 2665 Dei.

2024 2709 2127 2764 Per
2152 2708 2271 2763 illos
2298 2707 2645 2778 quadraginta
2671 2704 2787 2759 dies
2811 2719 2919 2765 non
2942 2699 3180 2773 quotidie
3204 2696 3493 2777 apparebat
3508 2694 3609 2760 eis,

2024 2800 2235 2854 Etenim
2266 2806 2389 2867 post
2423 2795 2872 2855 resurrectionem
2912 2804 3156 2862 magnam
3182 2787 3328 2844 carni
3360 2800 3474 2840 sum
3504 2784 3611 2840 vim

2026 2892 2216 2947 indidit
2240 2891 2307 2945 ad
2334 2889 2490 2944 ﬁdem
2519 2886 2930 2949 conciliandam,
2960 2897 3048 2951 ne,
3075 2882 3119 2935 si
3162 2877 3489 2948 frequentius
3513 2890 3613 2944 ap-

2028 2994 2217 3055 paret,
2267 2980 2686 3061 magnltudincm
2750 2975 2963 3039 virtutis
3019 2972 3270 3030 solveret.
3324 2965 3611 3037 Oportebat

2027 3079 2170 3141 enim
2216 3056 2366 3133 illum.
2408 3082 2530 3145 post
2567 3068 3013 3128 resurrectionem
3058 3079 3182 3121 cum
3221 3060 3415 3117 divinis
3450 3056 3615 3128 signis

2028 3183 2318 3240 apparere,
2364 3180 2465 3221 nec
2508 3181 2566 3220 se
2597 3161 2928 3233 frequentius
2967 3159 3020 3212 in
3061 3162 3404 3225 conspectum
3445 3149 3612 3211 dare;

2031 3263 2151 3319 ideo
2185 3261 2331 3325 dicit,
2374 3258 2439 3312 In
2477 3257 2648 3312 multis
2672 3252 2982 3325 argumentis
3009 3266 3098 3324 per
3125 3247 3231 3301 dies
3259 3242 3615 3314 quadraginta,

2031 3356 2148 3411 Non
2178 3354 2318 3409 enim
2366 3367 2426 3407 se
2467 3349 2520 3405 in
2568 3355 2912 3418 conspectum
2944 3343 3137 3405 dabat;
3169 3338 3264 3394 sed
3306 3342 3458 3392 erant
3504 3333 3619 3395 haec

2034 3452 2347 3516 argumenta
2391 3443 2566 3512 ipsum
2613 3454 2734 3495 esse
2781 3435 3084 3507 probantis.
3126 3427 3432 3507 Apparebat
3476 3424 3619 3480 enim

2036 3539 2140 3593 illis
2174 3538 2279 3591 alia
2306 3535 2497 3596 forma.
2526 3533 2628 3593 alia
2657 3544 2812 3595 voce,
2850 3527 2955 3585 alio
2979 3524 3182 3579 habitu.
3211 3518 3468 3574 Adstabat
3493 3531 3620 3589 apo.

2035 3629 2188 3685 stolis
2232 3626 2572 3698 frequenter,
2622 3635 2721 3675 nec
2761 3619 2828 3673 ab
2867 3617 2947 3673 eis
2993 3611 3433 3685 cognoscebatnr.
3479 3606 3622 3668 Adiit

2037 3720 2332 3791 piscatores
2358 3715 2578 3769 Petrum
2603 3720 2658 3767 et
2683 3710 2878 3769 socios,
2907 3706 3084 3782 aitque
3110 3703 3174 3757 iis
3205 3720 3219 3755 :
3252 3699 3447 3764 Filioli,
3474 3713 3623 3750 num-

2037 3813 2159 3889 quid
2185 3810 2373 3867 habetis
2399 3808 2466 3861 ad
2492 3802 2901 3860 manducandum
2938 3798 3128 3871 (Joan.
3155 3795 3245 3857 21,
3276 3792 3345 3865 5)
3369 3792 3483 3889 'lue-t
3516 3804 3623 3855 non

2038 3881 2403 3977 cognoverunt
2426 3913 2571 3962 eum,
2598 3910 2703 3949 non
2731 3893 2978 3957 formam,
3003 3903 3109 3943 non
3136 3900 3342 3941 vocem.
3367 3881 3623 3949 dicitque,

2043 3968 2230 4050 Mittite
2257 3991 2324 4045 ad
2352 3989 2610 4044 dexteram
2636 3984 2822 4054 navigii
2847 3988 2969 4043 rete,
2994 3988 3040 4032 et
3066 3975 3323 4030 invenietis
3353 3970 3457 4043 (Ib.
3476 3986 3524 4024 υ.
3544 3968 3623 4043 6);

2041 4104 2105 4144 ac
2141 4100 2261 4143 cum
2307 4084 2599 4147 misissent,
2644 4076 2808 4131 multa
2854 4070 3041 4145 piscati
3082 4076 3225 4122 sunt.
3271 4064 3403 4120 Cum
3449 4062 3627 4132 itaque

2043 4197 2164 4236 eum
2210 4193 2314 4233 non
2347 4191 2413 4231 ex
2458 4179 2749 4243 conspectu
2792 4164 3147 4237 perciperent,
3193 4174 3258 4213 ex
3300 4156 3629 4226 argumentis

2043 4269 2258 4325 virtutis
2283 4264 2668 4345 percipiebant.
2696 4259 3029 4335 Quapropter
3050 4248 3371 4320 evangelista
3393 4244 3629 4345 Joannes

2045 4362 2174 4418 dicit
2203 4337 2383 4423 Petro,
2409 4356 2657 4410 Dominus
2687 4359 2759 4407 est
2789 4348 2893 4421 (Ib.
2916 4363 2965 4401 υ.
2987 4345 3066 4417 7),
3086 4360 3191 4398 non
3210 4342 3324 4395 visu
3340 4337 3621 4400 suadente,

2046 4454 2139 4510 sed
2172 4458 2483 4522 argumento
2511 4446 2741 4506 virtutis.
2773 4443 2895 4497 Ideo
2920 4439 3115 4495 clamat
3138 4435 3328 4496 Lucas,
3361 4430 3428 4522 In
3458 4430 3631 4491 multis

2048 4520 2354 4616 argumentis
2372 4556 2457 4610 per
2474 4539 2580 4597 dies
2595 4534 2929 4608 quadraginta
2945 4542 3197 4600 apparens
3213 4527 3302 4589 eis,
3332 4534 3378 4579 et
3399 4520 3627 4616 loquens.

2122 4634 2326 4702 Quoties
2356 4630 2585 4686 Christus
2623 4635 2730 4697 post
2772 4621 3184 4679 resurrectionem
3210 4614 3522 4690 appmerit.
3550 4641 3622 4663 -.-

2049 4728 2231 4801 Neque
2275 4723 2445 4779 solum
2490 4716 2796 4790 apparebat,
2832 4712 2925 4768 sed
2952 4711 3111 4765 etiam
3137 4707 3456 4779 quandoque
3481 4702 3631 4757 vidc-
3718 4731 3723 4737 ι

2051 4796 2225 4877 batur.
2255 4818 2334 4873 Re
2354 4814 2635 4885 diligenter
2659 4809 2936 4864 observata
2964 4801 3342 4873 comperimus.
3369 4796 3631 4853 Servato-

2050 4928 2165 4970 rem
2197 4918 2318 4981 post
2341 4903 2785 4963 resurrectionem
2813 4897 3065 4961 undecies
3088 4893 3262 4957 visum
3314 4889 3479 4946 fuisse
3510 4901 3635 4944 san-

2053 5007 2153 5063 ctis
2181 4999 2458 5073 apostolis,
2490 5006 2547 5052 et
2583 5006 2709 5056 tunc
2737 4998 3067 5060 assumptum
3094 4985 3259 5040 fuisse
3300 4981 3365 5037 ad
3397 4981 3633 5039 Patrem,

2054 5094 2271 5171 Quare?
2300 5092 2431 5161 Quia
2460 5089 2602 5145 enim
2630 5083 2875 5142 undecim
2906 5079 3139 5136 habebat
3159 5073 3468 5171 discipulos,
3493 5077 3638 5171 post.-

2055 5159 2214 5259 quam
2244 5159 2407 5244 ludas
2441 5178 2695 5250 expulsus
2732 5175 2924 5235 fuerat,
2952 5184 3016 5227 ac
3040 5184 3136 5240 per
3167 5165 3424 5259 nefariam
3462 5159 3639 5231 prodi:

2058 5254 2352 5343 tionem,et
2366 5277 2542 5330 locum
2571 5284 2724 5327 suum
2752 5274 2807 5321 et
2827 5263 3137 5334 dignitatem
3176 5254 3501 5343 perdiderat,
3536 5265 3639 5343 un:

2057 5370 2237 5426 decies
2264 5337 2521 5441 aposmlis
2559 5365 2799 5435 apparet,
2840 5370 2904 5413 ac
2931 5367 3037 5407 non
3063 5340 3516 5441 omnibus-simul,
3545 5337 3639 5393 sed

2057 5460 2222 5515 variis
2260 5435 2454 5520 modis,
2493 5447 2778 5521 aliquando
2817 5445 2922 5511 his,
2951 5439 3235 5513 aliquando
3279 5435 3404 5499 illis,
3434 5440 3490 5485 ut
3516 5443 3637 5484 cum

2124 5619 2138 5650 ⁸
2177 5623 2225 5665 tu
2266 5612 2379 5663 Cod.
2401 5609 2523 5661 1886
2549 5606 2772 5657 additur:
2798 5599 2983 5665 Etenim
3021 5595 3199 5665 nudius
3243 5590 3410 5642 tertius
3424 5585 3643 5665 pascendi}

2058 5645 2249 5735 aderat},
2406 5645 2740 5735 Hiaiiéiiii
3119 5656 3228 5725 dies
3243 5668 3276 5735 ρ
3296 5645 3642 5735 [aspris-efﬁgi?

2059 5721 2693 5812 ﬁnitumaeque-
2713 5721 3120 5812 .."'..ffli‘“°“e
3150 5721 3276 5776 θηίηί
3299 5725 3393 5763 "°"
3424 5721 3640 5763 mm"

2060 5785 2464 5863 piri-ﬁsedhsancti
2485 5791 2686 5857 Spiritus
2709 5785 2971 5847 descensio.
