4044 6380
510 366 612 421 735

509 483 696 534 decem
723 476 830 532 illis
861 475 1124 546 apparuit,
1149 473 1366 527 absente
1406 471 1646 535 Thema;
1682 487 1888 525 rursum
1927 486 2093 539 appa-

512 572 664 637 ruit,
707 580 968 640 praesente
1006 567 1228 621 Tlioma.
1278 564 1569 619 Numerum
1617 580 1741 619 vero
1784 564 2090 634 quaerimus,

515 660 782 729 quomodo
827 668 1036 712 constet
1070 673 1190 711 eum
1239 655 1491 710 undecies
1540 655 1847 725 apparuisse
1879 667 2094 724 promer

514 750 753 805 undecim
785 748 1071 819 apostolos.
1102 748 1335 803 Primum
1353 747 1597 817 apparuit
1623 747 1800 801 Marim
1826 747 1878 800 in
1898 761 2091 800 monu-

515 851 693 896 mento
742 839 1081 905 discedenti,
1140 852 1239 894 nec
1284 853 1388 892 non
1419 838 1538 893 aliis
1580 837 1908 892 mulieribus.
1959 835 2091 891 Nam

516 932 762 987 'nulieres
784 932 929 986 illum
961 933 1128 1001 prius,
1150 945 1306 1001 quam
1329 930 1417 985 alii
1448 945 1654 994 omnes,
1679 936 2089 999 conspexerunt,

524 1039 648 1093 quas
699 1033 754 1077 et
791 1023 977 1077 beatus
1014 1022 1231 1077 llesaias
1268 1022 1590 1090 compellat:
1623 1020 1864 1077 Mulieres
1903 1036 1937 1072 a
1972 1035 2091 1088 spe-

508 1114 702 1170 ctaculo
739 1117 989 1170 uenientes
1012 1158 1025 1180 ,
1061 1116 1282 1171 vt‘niteet
1305 1115 1605 1168 annuntiate
1637 1115 1779 1168 nobis
1814 1111 1967 1185 (Isai.
1998 1112 2088 1168 27.

508 1206 621 1276 Η).
657 1205 913 1276 Apparuit
940 1205 1101 1275 igitur
1129 1204 1459 1259 mulieribus.
1493 1204 1548 1258 Si
1578 1204 1698 1275 quis
1722 1203 1949 1258 voluerit
1979 1202 2089 1257 cal.

507 1296 684 1349 culum
712 1295 930 1362 ducere,
962 1294 1139 1350 videat
1178 1309 1304 1349 num
1331 1296 1470 1349 circa
1506 1310 1786 1349 numerum
1823 1306 2084 1348 erremus.

510 1385 689 1440 Primo
732 1385 1063 1441 mulieribus.
1095 1385 1271 1439 Maria:
1300 1393 1353 1440 et
1378 1386 1638 1455 reliquis:
1669 1384 1860 1440 deinde
1892 1384 2087 1449 Petro;

513 1486 697 1546 postea
734 1475 949 1547 Cleopa:
995 1485 1051 1530 et
1091 1482 1236 1531 soclo
1272 1476 1324 1529 in
1356 1476 1460 1538 via,
1497 1491 1616 1531 cum
1653 1477 1904 1530 Emmaus
1933 1476 2089 1540 irent,

510 1582 739 1636 cumque
775 1567 827 1620 in
878 1565 1135 1620 fractione
1164 1568 1317 1636 panis
1342 1566 1583 1635 cognitus
1603 1576 1704 1620 est.
1736 1565 2009 1621 Undenam
2040 1564 2090 1620 id

514 1657 723 1728 liquet?
749 1655 898 1723 Quod
918 1656 1076 1710 Petro
1100 1657 1400 1725 apparuerit
1430 1665 1573 1722 ante,
1588 1672 1744 1725 quam
1763 1655 1847 1710 bis
1861 1655 2089 1712 duobus.

522 1747 746 1816 Ingressi
768 1756 892 1802 sunt
936 1746 1009 1799 illi
1049 1747 1153 1800 duo
1180 1746 1403 1815 Cleopas
1429 1754 1482 1801 et
1510 1747 1686 1801 socius
1714 1761 1741 1800 a
1770 1760 2012 1815 vespera,
2036 1753 2094 1799 ut

508 1839 881 1891 :mnuntiarent
904 1835 1180 1905 discipulis
1200 1851 1258 1891 se
1281 1835 1477 1891 vidisse
1503 1835 1783 1890 Dominum
1816 1853 1828 1888 :
1853 1844 1906 1889 et
1944 1835 2093 1887 inve-

511 1940 704 1985 nerunt
739 1929 1009 2000 apostolos
1051 1929 1309 1995 dicentes,
1352 1926 1477 1982 Vere
1508 1928 1723 1982 surrexit
1748 1925 2017 1993 Dominus,
2045 1935 2092 1979 et

505 2021 745 2094 apparuit
774 2022 971 2076 Simoni
1006 2020 1155 2093 (an.
1184 2021 1274 2075 24.
1312 2018 1425 2085 '54).
1455 2020 1588 2074 Dum
1621 2020 1691 2081 illi
1710 2018 1816 2075 duo
1845 2017 1984 2089 quod
2015 2018 2092 2072 vi-

508 2112 700 2168 derant
728 2112 1124 2177 annuntiarent,
1165 2111 1300 2165 fama
1333 2118 1702 2181 prrccesserat,
1734 2108 1876 2178 quod
1905 2109 2092 2163 Petrus

508 2203 731 2257 vidisset
747 2203 1048 2258 Dominum.
1067 2202 1179 2258 lloc
1198 2212 1251 2257 et
1276 2202 1470 2257 Paulus
1493 2201 1746 2270 signiﬁcat
1772 2200 1855 2254 his
1871 2200 2047 2256 verbis
2072 2218 2086 2254 :

509 2291 723 2347 Tradidi
776 2294 906 2346 enim
962 2292 1099 2347 vobis
1148 2293 1200 2346 in
1250 2292 1426 2362 primis
1473 2291 1608 2362 quod
1649 2300 1696 2345 ot
1734 2291 1925 2361 accepi,
1956 2290 2093 2362 quod

510 2383 739 2438 Christus
782 2393 1011 2437 mortuus
1058 2393 1130 2437 est
1174 2399 1267 2452 pro
1317 2385 1533 2452 peccatis
1575 2383 1779 2449 nostris,
1823 2383 2093 2436 secundum

511 2474 829 2544 Scripturas,
878 2482 925 2527 et
983 2474 1115 2542 quod
1155 2473 1431 2528 resurrexit
1488 2481 1533 2526 et
1580 2473 1714 2526 visus
1762 2481 1832 2526 est
1884 2470 2089 2542 (Iephte,

512 2563 696 2619 deinde
717 2562 948 2618 undecim
974 2563 1238 2632 discipulis
1294 2563 1372 2631 (Ι.
1402 2561 1520 2617 Cor.
1555 2562 1641 2618 15.
1670 2562 1813 2629 5-5).
1858 2561 2091 2617 Primum

509 2656 687 2723 Petro,
721 2656 912 2711 deinde
936 2656 1061 2710 illis.
1094 2656 1351 2726 Apparuit
1372 2655 1531 2724 igitur
1559 2655 1876 2710 mulieribus
1897 2655 2088 2724 primo,

513 2746 709 2801 deinde
743 2746 920 2813 Petro,
942 2755 1123 2817 postea
1157 2746 1359 2801 foribus
1384 2745 1580 2801 clausis
1608 2745 1820 2816 Cleopa:
1850 2753 1904 2800 et
1945 2745 2092 2799 socio

511 2838 725 2892 tertium
758 2878 772 2902 ,
836 2835 1028 2891 deinde
1070 2836 1255 2892 decem
1306 2836 1616 2906 discipulis,
1678 2851 1785 2891 non
1830 2843 2093 2906 prtrsente

514 2927 716 2981 'l‘homa
741 2943 757 2993 ;
788 2925 979 2981 deinde
1006 2926 1249 2982 undecim
1275 2926 1551 2996 discipulis
1579 2935 1839 2996 praiscnte
1865 2925 2088 2980 Thema.

515 3016 653 3072 Ecce
670 3017 780 3086 jam
808 3017 1088 3088 quinquies
1105 3026 1344 3088 apparet.
1375 3017 1566 3072 Postea
1592 3017 1891 3087 quingentis
1912 3015 2091 3070 fratri-

512 3108 645 3173 bus;
676 3107 805 3161 illud
834 3108 976 3162 enim
995 3106 1190 3162 Paulus
1216 3107 1414 3162 indicat
1437 3106 1522 3162 his
1544 3106 1722 3161 verbis
1756 3123 1769 3160 :
1796 3104 1993 3160 Deinde
2015 3105 2093 3160 vi-

513 3215 599 3252 sus
626 3206 697 3252 est
737 3199 853 3268 plus
872 3213 1023 3267 quant
1042 3197 1324 3268 quingentis
1344 3196 1585 3269 fratribus
1606 3212 1708 3248 una
1734 3196 1861 3260 vice,
1889 3211 1952 3249 ea:
1977 3194 2092 3265 qui-

514 3291 604 3343 bus
650 3287 878 3360 plerique
915 3297 1119 3342 manent
1159 3304 1316 3358 usque
1349 3289 1417 3340 ad
1451 3288 1545 3341 hoc
1571 3296 1765 3355 tempus
1794 3302 1811 3349 ;
1837 3300 1964 3341 ecce
1981 3285 2092 3354 jam

514 3389 688 3434 sexto.
740 3379 925 3433 Postea
980 3377 1224 3449 apparuit
1277 3384 1482 3447 septem
1525 3377 1630 3431 illis
1657 3376 1723 3430 ad
1766 3391 1912 3431 mare
1930 3375 2093 3431 Tibe—

517 3471 681 3527 riadis
705 3470 1025 3540 piscantibus
1053 3489 1067 3525 :
1087 3469 1280 3525 deinde
1297 3469 1496 3525 Jacobo
1521 3469 1812 3524 secundum
1836 3468 2090 3524 Paulum:

516 3564 617 3619 sub
638 3563 754 3619 haec
777 3561 1032 3634 apostolis
1058 3562 1304 3619 omnibus
1325 3563 1365 3615 ⁸.
1392 3563 1636 3616 Animum
1657 3561 1873 3629 adhibe,
1889 3576 2090 3631 quaeso.

516 3654 692 3710 llabes
718 3654 877 3725 igitur
907 3654 1079 3724 primo
1103 3655 1375 3720 mulieres,
1401 3653 1636 3721 Petrum,
1655 3653 1909 3723 Cleopam
1938 3662 1991 3709 et
2006 3667 2098 3708 so-

514 3746 681 3812 cium,
706 3745 965 3801 visionem
993 3745 1213 3801 fratrum
1236 3746 1422 3801 decem
1444 3744 1649 3801 Thoma
1675 3744 1914 3810 absente,
1944 3744 2099 3798 visio-

514 3852 639 3891 nem
668 3836 914 3891 undecim
951 3837 1314 3907 apostolorum
1348 3877 1364 3903 ,
1396 3834 1653 3891 visionem
1687 3836 2094 3904 quingentorum

516 3927 778 3982 fratrum:
819 3942 943 3983 ecce
972 3928 1082 3997 jam
1114 3937 1301 3993 sexto;
1324 3927 1572 3998 septimo,
1602 3928 1708 3983 illis
1742 3934 1981 3999 septem;
2005 3940 2098 3983 oc-

516 4029 637 4073 tavo
657 4018 855 4074 Jacobo
879 4034 895 4084 ;
925 4034 1069 4074 nono
1092 4019 1424 4089 septuaginta
1452 4018 1763 4091 discipulis;
1794 4018 2008 4075 decimo
2041 4018 2094 4072 in

521 4119 700 4165 monte
729 4109 995 4175 Gaiilaue;
1025 4109 1312 4166 undecimo
1339 4111 1393 4165 in
1437 4110 1618 4166 Monte
1659 4111 1937 4165 olivarum.
1961 4107 2096 4164 Cum

522 4202 575 4254 in
598 4201 992 4256 resurrectione
1014 4201 1273 4257 Dominus
1298 4215 1442 4272 saepe
1468 4217 1651 4272 pacem
1672 4202 1968 4273 repetierit,
1993 4201 2094 4256 ab.

520 4290 739 4344 surdum
767 4297 909 4344 esset
925 4304 1023 4344 nos
1048 4288 1188 4345 hunc
1200 4289 1464 4346 calculum
1492 4306 1597 4345 non
1614 4300 1860 4361 repetere
1884 4290 1951 4346 ad
1965 4305 2097 4347 con-

522 4379 896 4434 ﬁrmationem.
928 4378 1104 4435 Habes
1132 4380 1288 4449 igitur
1314 4381 1485 4450 primo
1523 4382 1817 4447 mulieres;
1863 4383 2099 4438 secundo

520 4473 777 4537 Petrum;
827 4472 982 4527 tertio
1023 4471 1275 4542 Cleopam
1307 4483 1363 4528 et
1404 4474 1647 4541 socium;
1678 4485 1869 4545 quarto
1914 4475 2098 4532 decem

519 4563 824 4633 apostolus;
856 4564 1044 4633 quinto
1082 4563 1332 4619 undecim
1372 4560 1680 4636 apostolos;
1736 4576 1888 4622 sexto
1938 4569 2097 4638 quin—

518 4663 745 4723 gentos;
775 4654 1003 4725 septimo
1031 4663 1239 4724 septem
1267 4653 1386 4711 illos
1406 4672 1420 4719 ;
1439 4666 1628 4712 octavo
1650 4655 1938 4722 Jacobum;
1958 4673 2100 4715 nono

517 4745 849 4816 septuaginta
887 4744 1213 4816 discipulos;
1269 4746 1479 4804 decimo
1509 4747 1562 4802 in
1612 4759 1793 4804 monte
1829 4748 2096 4817 Galilaate;

519 4834 800 4889 undecimo
817 4836 868 4889 in
895 4835 1068 4891 Monte
1093 4836 1374 4892 olivarum.

592 4927 678 4978 Η.
706 4926 965 4997 Apparens
1004 4929 1073 4983 eis
1094 4945 1184 4999 per
1220 4927 1330 4983 dies
1365 4929 1718 5000 quadraginta,
1743 4940 1789 4984 et
1810 4931 2015 5002 loquens
2040 4932 2105 4987 de

519 5030 675 5086 regno
703 5012 820 5069 Dei.
851 5016 920 5070 Et
955 5034 1249 5074 convescens
1278 5021 1514 5089 pra-cepit
1554 5020 1625 5074 eis
1672 5021 1733 5073 ab
1770 5021 2103 5092 Jerosolymis

522 5122 586 5160 ne
624 5105 974 5172 discederent;
1008 5110 1097 5162 sed
1120 5118 1464 5180 exspectarent
1490 5112 1871 5180 promissionem
1909 5111 2100 5179 Patris,

518 5214 672 5268 quam
693 5196 905 5251 audistis
928 5214 961 5253 a
982 5215 1057 5252 me
1083 5200 1218 5272 (Act.
1243 5201 1294 5255 Ι.
1316 5201 1369 5256 3.
1402 5203 1478 5272 4).
1507 5200 1552 5258 Ο
1578 5216 1823 5272 magnam
1850 5201 2103 5258 Servato-

522 5290 598 5345 ris
629 5288 1004 5344 tolerantiam!
1046 5292 1318 5347 omultam
1356 5293 1646 5349 bonitatem
1671 5293 1684 5347 i
1712 5308 1746 5348 ο
1783 5292 2103 5350 ineﬁ‘abilem

523 5378 952 5436 humanitatem!
998 5378 1146 5446 Esto,
1188 5381 1444 5447 Domine,
1476 5391 1600 5439 ante
1642 5385 1947 5453 passionem
1999 5398 2104 5439 una

584 5536 599 5566 ¹
619 5540 677 5602 _tn
714 5531 908 5602 duobus
943 5532 1088 5602 codd.
1112 5528 1321 5594 additur,
1364 5547 1459 5602 nan
1500 5536 1563 5586 de
1606 5536 2063 5602 u_ndecimloquitur
2082 5555 2108 5594 .-

520 5594 647 5662 dixit
670 5593 799 5662 enim
815 5593 1041 5662 superius
1071 5607 1191 5662 eunt
1526 5600 1717 5662 Cephtr,
1740 5606 1786 5662 et
1809 5593 1990 5651 deinde
2014 5593 2106 5662 un?

521 5651 968 5732 ιέςςίηξέιίςςξρςέέὲξτ
988 5657 1152 5732 Pars."
1171 5651 1314 5732 339.6.
1340 5658 1523 5732 deinec.
1534 5651 1871 5732 “unum:
1892 5662 1980 5713 εαῡ
2000 5661 2107 5732 tm

515 5714 740 5787 apostolis
777 5714 993 5767 omnibus
1017 5731 1037 5780 ;
1075 5714 1126 5768 at
1165 5714 1309 5779 1H7,
1343 5714 1730 5783 apostolos'dicit'
1747 5714 1875 5773 nunc
1918 5729 2108 5787 septua-

518 5786 674 5841 ginta.

1206 362 1263 419 S.
1300 363 1576 420 JOANNIS
1613 362 2087 418 CHRYSOSTOMI
2128 362 2444 417 ARCIIIEP.
2483 363 3013 424 CONSTANTINOP.

3680 375 3774 429 73$

2204 472 2421 537 vixeris,
2472 488 2574 529 una
2610 474 2919 530 recubucris
2945 491 3065 531 cum
3097 476 3367 547 discipulis
3390 521 3406 545 ,
3450 496 3616 550 quare
3663 496 3773 553 post

2202 565 2648 620 resurrectionem
2692 567 3069 622 convesceris?
3094 567 3162 624 Ut
3181 585 3244 622 ex
3276 569 3379 637 his,
3415 570 3605 641 inquit,
3635 573 3770 629 Tho-

2202 669 2342 708 mam
2373 654 2441 709 de
2470 657 2862 713 resurrectione
2888 658 3168 713 certiorem
3203 659 3411 714 faciam.
3440 660 3497 715 Si
3527 678 3772 734 namque,

2199 754 2477 815 postquam
2509 746 2570 802 id
2594 748 2664 801 ita
2688 756 2895 818 gestum
2931 757 3047 814 est,
3076 751 3234 803 etiam
3266 766 3408 806 nunc
3429 755 3663 823 suntqui
3687 770 3773 810 re-

2198 838 2589 893 surrectionem
2612 854 2719 894 non
2750 841 3004 906 credant;
3031 841 3075 895 si
3099 840 3149 895 id
3189 856 3295 896 non
3321 843 3518 897 factum
3543 853 3705 909 esset,
3731 846 3775 901 si

2198 944 2303 983 non
2341 929 2664 985 comedisset
2696 939 2750 984 et
2789 929 3010 985 bibisset
3055 946 3174 985 cum
3207 931 3346 986 illis:
3377 931 3498 1003 quis
3522 932 3771 990 ell‘renata

2196 1036 2382 1075 eorum
2408 1035 2502 1075 ora
2526 1021 2965 1088 compescuisset,
2995 1022 3084 1090 qui
3128 1022 3196 1076 de
3238 1021 3532 1081 Salvatoris
3564 1037 3773 1079 meone-

2197 1111 2302 1166 mia
2328 1112 2577 1182 quaelibet
2603 1121 2804 1167 temere
2830 1114 3068 1181 proferre
3089 1112 3333 1167 audent?
3368 1112 3503 1168 Hinc
3525 1113 3774 1170 discimus

2196 1202 2427 1258 divinam
2458 1212 2512 1258 et
2534 1203 2812 1275 mysticam
2835 1218 3072 1258 mensam
3106 1203 3393 1274 honorare.
3424 1203 3582 1273 Saepe
3605 1207 3772 1260 conti-

2194 1295 2272 1367 git
2299 1305 2462 1361 utea,
2491 1311 2611 1366 quaa
2641 1310 2916 1351 sermones
2958 1311 3063 1351 non
3118 1298 3555 1362 emendaverant,
3595 1312 3771 1358 mensa

2196 1389 2525 1445 emendaret.
2549 1388 2703 1459 Saepe
2726 1389 2962 1444 sexcenti
2984 1388 3357 1444 conciliatores
3384 1404 3452 1444 ne
3476 1406 3637 1444 unam
3654 1389 3770 1460 qui-

2197 1479 2319 1535 dem
2365 1480 2694 1535 inimicitiam
2738 1479 2945 1534 solvere
2997 1488 3304 1549 potuerunt,
3351 1489 3407 1536 et
3448 1496 3554 1549 una
3593 1495 3770 1535 mensa

2195 1569 2333 1625 bella
2372 1568 2599 1624 sedavit.
2649 1569 2730 1623 Ab
2761 1569 2847 1635 iis,
2891 1584 3013 1639 quae
3054 1580 3462 1638 praecesserunt,
3496 1569 3656 1639 hujus
3694 1570 3771 1625 rei

2197 1671 2567 1732 argumentum
2611 1660 2815 1730 accipe.
2868 1660 2983 1714 Non
3030 1661 3376 1714 cessabamus
3426 1660 3624 1715 inimici
3656 1675 3771 1716 esse

2198 1752 2314 1815 Dei,
2358 1752 2614 1808 adversus
2658 1752 2898 1807 divinum
2928 1753 3147 1807 verbum
3176 1752 3370 1806 bellum
3398 1759 3651 1821 gerentes
3672 1791 3686 1816 ,
3716 1761 3773 1809 ut

2195 1844 2324 1898 dicit
2351 1844 2547 1898 Paulus
2576 1861 2591 1899 :
2626 1842 2830 1897 Inimici
2867 1859 2979 1897 cum
3000 1858 3249 1905 essemus,
3275 1843 3586 1896 reconciliati
3605 1858 3772 1898 sumus

2195 1934 2305 1989 Deo
2331 1952 2421 2005 per
2456 1944 2669 1989 mortem
2698 1933 2824 1988 Filii
2849 1935 2959 2004 ejus
2991 1932 3165 2003 (Rom.
3209 1933 3264 1989 5.
3292 1932 3405 2006 ιθ).
3433 1932 3635 1989 inimici
3660 1948 3773 1989 era-

2194 2043 2334 2082 mus.
2361 2027 2518 2081 Missa
2560 2026 2657 2082 fuit
2678 2027 2782 2093 lex,
2807 2041 2905 2081 nec
2932 2026 3292 2081 reconciliavit
3320 2045 3333 2080 :
3363 2033 3627 2081 venerunt
3653 2039 3773 2097 pro-

2197 2118 2373 2188 phette
2397 2158 2414 2185 ,
2445 2126 2500 2172 et
2528 2132 2634 2172 non
2665 2124 3041 2188 persuaserunt
3067 2132 3081 2181 ;
3120 2116 3208 2186 qui
3237 2115 3437 2171 inimici
3471 2114 3567 2170 Dei
3602 2125 3768 2177 erant,

2197 2207 2393 2262 inimici
2441 2216 2752 2262 manserunt
2800 2216 2853 2262 et
2904 2206 3106 2261 hostes.
3158 2206 3303 2260 Multi
3334 2205 3547 2277 tyranni
3590 2217 3771 2260 contra

2201 2299 2501 2363 veritatem,
2529 2299 2682 2355 multi
2715 2298 2807 2353 Dei
2837 2298 3018 2352 hostes
3048 2305 3206 2352 erant
3246 2306 3430 2351 contra
3460 2296 3603 2365 piam
3645 2294 3771 2349 reli-

2195 2391 2428 2458 gionem,
2484 2390 2650 2447 multa
2694 2390 2877 2453 verba,
2911 2389 3090 2445 multa:
3119 2387 3373 2443 doctrinm
3401 2386 3575 2453 l‘uere,
3606 2401 3774 2456 neque

2196 2479 2395 2536 bellum
2440 2479 2715 2536 sedarunt.
2766 2478 2925 2534 Venit
2967 2478 3229 2543 Christus,
3272 2492 3509 2531 mensam
3538 2475 3773 2530 fundavit

2197 2585 2368 2634 suam,
2398 2571 2630 2640 seipsum
2652 2569 2928 2639 preposuit
2952 2570 3005 2623 in
3035 2569 3231 2633 cibum,
3255 2576 3309 2623 et
3328 2567 3462 2622 dixit
3490 2585 3502 2619 :
3530 2567 3769 2636 Accipite,

2197 2663 2500 2717 manducate
2528 2662 2738 2734 (Matth.
2767 2662 2858 2716 26.
2886 2659 3002 2733 26),
3048 2669 3103 2715 et
3142 2660 3319 2713 statim
3348 2658 3548 2712 bellum
3593 2655 3769 2718 solvit,

2196 2754 2420 2825 pacique
2445 2753 2771 2823 triumphum
2796 2752 2991 2807 attulit.
3018 2752 3073 2805 In
3095 2750 3322 2822 Egypto
3347 2750 3438 2804 Dei
3462 2750 3643 2803 hostes
3661 2748 3772 2817 pla-

2196 2846 2279 2916 gis
2304 2846 2487 2912 aflicit,
2518 2855 2573 2900 et
2602 2859 2762 2899 nemo
2785 2843 3095 2914 obsequitur
3122 2859 3136 2895 :
3165 2852 3420 2912 tyrannos
3450 2840 3697 2910 perculit,
3722 2848 3776 2893 et

2199 2953 2359 2995 nemo
2380 2940 2730 3007 obtemperat.
2759 2935 2857 2992 llic
2881 2937 3115 3005 seipsum
3147 2934 3395 3005 proponit
3420 2933 3471 2987 in
3500 2932 3702 2996 cibum,
3720 2939 3773 2985 et

2197 3047 2386 3088 omnes
2406 3031 2728 3087 erubescunt
2752 3038 2805 3085 et
2833 3029 3220 3098 obtemperant.
3252 3025 3498 3096 Flagellis
3526 3040 3633 3078 non
3654 3038 3775 3094 per-

2199 3123 2477 3189 suadebat,
2519 3131 2573 3176 et
2613 3136 2734 3176 cum
2764 3119 3063 3175 comeditur
3088 3117 3371 3189 persuadet
3398 3133 3412 3170 :
3440 3130 3562 3171 cum
3591 3127 3772 3169 come-

2197 3215 2360 3281 ditur,
2393 3215 2629 3284 inquam,
2682 3213 2732 3266 in
2763 3211 2984 3282 mystica
3025 3225 3227 3265 mensa.
3256 3207 3390 3262 Nam
3418 3205 3549 3277 Ego,
3581 3204 3775 3274 inquit,

2196 3324 2309 3362 sum
2339 3306 2488 3375 panis
2523 3305 2611 3374 qui
2644 3304 2709 3357 de
2728 3302 2852 3358 creto
2887 3302 3162 3367 descendit,
3208 3309 3256 3355 et
3293 3301 3378 3353 dat
3405 3298 3559 3352 vitam
3588 3296 3778 3349 murrdo

2199 3399 2377 3470 (Joan.
2406 3398 2458 3453 6.
2486 3398 2600 3467 Η).
2639 3398 2707 3450 Et
2732 3409 3060 3451 convescens
3088 3394 3217 3463 ipsis
3246 3389 3562 3461 loquebatur
3602 3387 3672 3443 de
3695 3400 3780 3442 re-

2196 3504 2303 3560 gno
2331 3489 2425 3543 Dei
2459 3507 2472 3541 :
2500 3498 2554 3543 et
2582 3485 2832 3557 Praecepit
2879 3486 2952 3540 eis
2997 3485 3060 3538 ab
3093 3481 3422 3553 Jerosolymis
3448 3497 3511 3534 ne
3548 3478 3778 3533 discedere

2197 3591 2328 3647 rent,
2357 3580 2448 3636 sed
2475 3587 2816 3651 exspectarent
2855 3576 3236 3647 promissionem
3271 3574 3362 3629 Dei
3393 3571 3567 3625 Patris
3584 3612 3601 3639 ,
3626 3585 3778 3641 quam

2198 3674 2414 3728 audistis
2444 3689 2476 3727 α
2500 3688 2598 3726 me.
2629 3670 2779 3735 Esto,
2799 3669 3125 3724 audierimus
3148 3681 3179 3721 a
3202 3676 3273 3733 te,
3305 3663 3524 3719 Domine
3552 3680 3565 3717 :
3597 3659 3777 3715 dixisti

2201 3765 2366 3828 enim,
2396 3763 2624 3817 Ascendo
2649 3764 2716 3825 ad
2743 3760 2952 3814 Patrem
2976 3773 3142 3812 meum
3156 3756 3332 3828 (Joau.
3358 3752 3583 3821 $0.17),
3607 3758 3662 3806 et
3688 3751 3779 3804 ad-

2203 3855 2411 3911 vocabo
2436 3869 2558 3908 eum
2577 3894 2591 3919 ,
2622 3862 2678 3908 et
2701 3852 2907 3906 mittam
2943 3848 3095 3904 vobis
3122 3846 3373 3916 Spiritum
3397 3840 3654 3903 veritatis,
3679 3838 3779 3894 Pa-

2200 3949 2480 4003 racletum.
2532 3946 2611 4000 'l‘u
2655 3949 2768 3999 lucc
2811 3942 3030 4008 dixisti,
3075 3940 3232 3996 Pater
3266 3952 3395 3993 vero
3441 3934 3777 4006 quandonam

2202 4038 2496 4110 promisit?
2521 4036 2639 4093 Non
2668 4034 2821 4098 dixit,
2861 4033 2931 4090 Ut
2970 4038 3339 4101 exspectarent
3371 4025 3775 4097 promissionem

2202 4145 2402 4194 meam,
2428 4126 2522 4184 sed
2552 4127 2956 4199 promissionem
2975 4122 3167 4187 Patris,
3194 4133 3353 4190 quam
3382 4115 3604 4172 audistis
3620 4129 3649 4168 a
3670 4127 3774 4168 me.

2204 4220 2470 4286 Profecto,
2500 4218 2704 4288 inquit,
2738 4216 2894 4317 Pgter
2919 4212 3178 4284 promisit,
3206 4224 3311 4282 ego
3329 4208 3529 4264 monui.
3563 4206 3629 4261 Et
3650 4202 3781 4312 .ubi-

2204 4329 2329 4370 nam
2356 4312 2599 4383 promisit
2629 4300 2831 4366 Pater"!
2863 4309 2918 4363 Si
2943 4306 3207 4363 evolveris
3223 4313 3398 4360 tutum
3418 4300 3774 4373 Evangelium,

2206 4421 2313 4460 non
2343 4404 2581 4459 invenies
2606 4402 2777 4456 Patris
2810 4414 2999 4454 vocem
3029 4394 3385 4467 promittentis
3422 4407 3482 4447 se
3509 4389 3781 4458 discipulis

2204 4499 2448 4554 daturum
2478 4509 2601 4550 esse
2619 4493 2873 4562 Spiritum
2897 4499 3157 4543 sanctum.
3184 4484 3411 4541 Ubinam
3435 4496 3565 4551 ergo
3593 4477 3785 4550 promi-

2206 4591 2317 4645 sit?
2363 4590 2423 4643 in
2459 4587 2731 4658 prophetis
2754 4626 2769 4651 ,
2818 4592 2879 4638 ut
2919 4583 3050 4637 dicit
3075 4579 3272 4635 Paulus
3321 4596 3335 4633 :
3379 4575 3580 4630 Paulus
3614 4586 3782 4628 servm

2204 4681 2336 4737 Iesu
2373 4680 2579 4744 Christi,
2606 4687 2813 4733 vocatus
2853 4672 3143 4745 Apostolus,
3186 4666 3539 4741 segregatusin
3556 4663 3786 4731 Euange-

2205 4775 2332 4830 lium
2357 4771 2474 4837 Dei,
2504 4770 2640 4842 quod
2666 4777 2785 4822 erue
2824 4765 3123 4837 promiserat
3149 4777 3240 4833 per
3278 4758 3549 4832 prophetas
3587 4767 3713 4810 suos
3734 4750 3787 4804 in

2209 4864 2492 4936 Scripturis
2511 4861 2697 4917 sanctis
2720 4858 2786 4914 de
2808 4856 2951 4912 Filio
2965 4871 3058 4910 suo
3078 4851 3256 4922 (Rom.
3289 4851 3343 4905 I.
3373 4848 3517 4916 1-3).

2279 4930 2369 5012 id.
2398 4955 2530 5010 Cum
2573 4953 2718 5023 prius
2763 4965 2892 5021 ergo
2915 4944 3218 5019 promiserit
3248 4937 3617 5008 Evangelium,
3643 4930 3791 5004 prius

2208 5045 2454 5117 promisit
2504 5045 2665 5099 etiam
2695 5056 2753 5096 se
2797 5040 3044 5095 daturum
3079 5048 3204 5090 esse
3233 5030 3488 5101 Spiritum
3521 5033 3790 5081 uaricum.

2216 5139 2441 5195 Ubinam
2485 5136 2574 5191 illa
2626 5133 2913 5205 promissio
2956 5127 3221 5200 Spiritus?
3275 5122 3561 5179 Vobiscum
3606 5128 3794 5187 qum

2207 5231 2358 5303 quasi
2387 5246 2523 5285 unus
2561 5244 2626 5284 ex
2657 5226 2841 5293 vobis;
2880 5239 3001 5280 cum
3044 5235 3170 5277 vere
3194 5232 3332 5274 unus
3374 5230 3442 5270 ex
3490 5211 3645 5266 vobis
3690 5208 3796 5262 sim

2210 5323 2315 5379 fide
2342 5331 2398 5377 et
2435 5321 2657 5377 caritate
2681 5332 2806 5389 erga
2833 5316 3121 5373 Christum.
3149 5311 3306 5380 Saepe
3346 5319 3588 5398 namque
3604 5309 3797 5398 vestra:

2209 5413 2416 5470 caritati
2438 5412 2568 5477 dixi,
2598 5424 2727 5467 oves
2752 5420 2805 5464 et
2827 5416 3071 5479 pastores
3093 5420 3160 5461 ex
3187 5401 3420 5457 humana
3438 5394 3697 5453 divisione
3716 5394 3793 5442 sic

2209 5504 2390 5560 vocari
2422 5522 2436 5558 :
2467 5519 2588 5558 nam
2615 5517 2740 5575 erga
2762 5500 3033 5558 Christum
3062 5510 3249 5554 omnes
3291 5504 3476 5548 sumus
3516 5499 3661 5575 oves.
3695 5480 3789 5535 Et-

2210 5597 2353 5652 enim
2400 5604 2505 5650 tam
2535 5602 2796 5665 pastores,
2835 5605 2993 5663 quam
3030 5590 3066 5645 ii
3105 5588 3193 5660 qui
3238 5589 3555 5656 pascuntur,
3595 5574 3664 5629 ah
3684 5584 3788 5665 uno

2212 5700 2449 5756 superno
2471 5661 2686 5755 pastore
2718 5661 3025 5755 pascuntur.
3061 5680 3289 5737 Ubinam
3331 5687 3459 5744 ergo
3505 5661 3785 5741 promisit!

2217 5779 2355 5835 Dicit
2373 5779 2513 5834 Deus
2539 5793 2635 5848 per
2663 5777 2973 5849 prophetam
2999 5772 3117 5830 Joel
3147 5789 3160 5827 :
3190 5770 3259 5826 In
3284 5766 3562 5825 novissimis
3589 5762 3789 5828 diebus,
