4044 6386
341 400 455 464 783

336 518 518 592 ιφάνη
555 522 667 584 τοῖς
716 521 878 588 δέκα,
932 524 1025 578 καὶ
1072 526 1133 579 οὐ
1181 530 1362 600 παρῆν
1409 533 1438 583 6
1477 532 1709 602 Θωμᾶς·
1760 536 1920 589 πάλιν

337 612 546 683 ἐφάνη,
586 612 854 683 παρόντος
885 613 1075 685 Θωμᾶ.
1108 618 1384 690 Ζητοῦμεν
1425 621 1481 675 δὲ
1525 622 1615 675 τὸν
1666 625 1919 697 ἀριθμὸν,

338 701 462 764 πῶς
496 702 808 756 συνίσταται
839 706 887 757 εί
928 706 1210 763 ἑνδέκατον
1236 711 1405 785 ἐφάνη
1450 712 1539 767 διὰ
1572 715 1697 779 τοὺς
1733 716 1924 772 ἕνδεκα

337 792 695 858 ἀποστόλους.
740 795 942 867 Ἐφάνη
979 799 1194 869 πρῶτον
1225 806 1291 874 τῇ
1340 805 1528 877 Μαρίᾳ
1573 809 1630 861 ἐν
1662 806 1740 877 τῷ
1784 811 1923 880 μνή-

338 896 479 952 ματι
537 884 920 958 ἀπερχομένη,
965 890 1059 942 καὶ
1094 894 1215 955 ταῖς
1267 894 1455 959 ἄλλαις
1505 897 1767 965 γυναιξίν.
1808 901 1920 969 Πρὸ

335 972 453 1043 γὰρ
479 974 695 1028 πάντων
728 977 783 1029 αί
823 981 1075 1047 γυναῖκες
1117 983 1277 1038 αὐτὸν
1320 981 1479 1052 εἶδον,
1528 988 1595 1052 ἃς
1627 991 1778 1044 καὶὸ
1815 1009 1919 1061 μα-

336 1065 533 1136 κάριος
564 1067 790 1132 Ἡσαΐας
834 1073 1248 1142 προσκαλεῖται·
1287 1079 1582 1146 Γυναῖκες
1614 1081 1732 1136 ἀπὸ
1781 1083 1921 1148 θέας

333 1157 676 1226 ἐρχόμεναι,
708 1159 903 1228 δεῦτε,
923 1160 1019 1217 καί
1047 1163 1440 1237 ἀπαγγείλατε
1468 1168 1627 1238 ἡμῖν.
1645 1172 1917 1245 Ἐπεφάνη

335 1247 522 1301 τοίνυν
570 1252 689 1314 ταῖς
760 1252 1026 1321 γυναιξίν.
1088 1256 1144 1310 '0
1203 1257 1530 1330 βουλόμενος
1593 1261 1915 1331 λογοθετεῖν,

330 1341 522 1411 ὁράτω
577 1345 745 1414 μήπω
791 1344 1202 1417 διασφάλλωμεν
1252 1349 1342 1401 τὸν
1395 1349 1648 1421 ἀριθμόν.
1696 1352 1919 1424 Πρῶτον

330 1436 459 1498 ταῖς
499 1436 732 1504 γυναιξὶ,
765 1435 950 1509 Μαρίᾳ
993 1439 1089 1492 καὶ
1135 1443 1252 1505 ταῖς
1296 1441 1544 1507 λοιπαῖς·
1584 1443 1774 1498 ἔπειτα
1812 1447 1917 1498 Πέ-

329 1539 473 1595 τρῳ,
500 1521 617 1577 εἶτα
644 1527 754 1589 τοῖς
788 1528 916 1599 περὶ
945 1527 1213 1582 Κλεώπαν
1254 1531 1309 1583 ἐν
1338 1533 1403 1601 τῇ
1434 1531 1559 1602 ὀδῷ,
1586 1532 1677 1584 ὅτε
1709 1533 1789 1596 είς
1820 1533 1918 1603 τὴν

344 1614 628 1685 Ἐμμαοῦς
679 1617 947 1688 ἀπῄεσαν,
996 1619 1086 1671 ὅτε
1134 1620 1191 1670 ἐν
1238 1623 1302 1691 τῇ
1357 1621 1545 1674 κλάσει
1597 1622 1690 1675 τοῦ
1752 1624 1916 1695 ἄρτου

326 1703 679 1777 ἐφανερώθη.
728 1705 902 1760 Πόθεν
950 1708 1007 1761 δέ
1044 1709 1202 1762 τοῦτο
1251 1710 1447 1780 δῆλον;
1477 1711 1602 1767 Ὅτι
1654 1715 1761 1783 πρὸ
1809 1715 1918 1770 τῶν

327 1792 432 1846 δύο
469 1792 672 1849 τούτων
720 1795 874 1869 ὤφθη
922 1797 1001 1869 τῷ
1043 1799 1256 1871 Πέτρῳ.
1292 1801 1556 1871 Είσῆλθον
1591 1806 1639 1856 οί
1685 1804 1778 1858 δύο
1808 1806 1917 1859 ἀπὸ

329 1888 575 1960 ἑσπέρας
621 1890 671 1943 οί
720 1892 847 1961 περὶ
885 1890 1176 1956 Κλεώπαν,
1229 1892 1372 1946 ὥστε
1424 1895 1755 1965 ἀπαγγεῖλαι
1803 1899 1918 1961 τοῖς

329 1975 630 2047 μαθηταῖς,
670 1980 752 2033 ὅτι
787 1980 1011 2051 Εἵδομεν
1052 1982 1142 2035 τὸν
1186 1982 1419 2052 Κύριον·
1462 1986 1557 2037 καὶ
1602 1982 1759 2056 εὗρον
1791 1986 1917 2049 τοὺς

324 2069 668 2134 ἀποστόλους
702 2069 978 2140 λέγοντας,
1008 2073 1089 2126 ὅτι
1122 2075 1338 2142 Ὄντως
1365 2075 1585 2145 ἠγέρθη
1618 2081 1649 2131 ὁ
1680 2080 1913 2147 Κι¹γ>ιος,

325 2159 435 2212 καὶ
469 2158 635 2230 ὤφθη
666 2162 901 2230 Σίμωνι.
940 2164 1026 2216 Ἐν
1059 2165 1169 2235 ὅσῳ
1208 2162 1301 2220 οὖν
1340 2168 1689 2239 ἀπήγγειλαν
1726 2172 1773 2223 οἱ
1823 2169 1917 2223 δύο

324 2251 433 2321 τὴν
463 2250 608 2319 θέαν,
658 2250 953 2326 προέλαϐεν
988 2256 1020 2324 ὴ
1073 2257 1251 2327 φήμη,
1295 2258 1376 2311 ὅτι
1419 2259 1624 2331 Πέτρος
1673 2256 1778 2314 εἶδε
1819 2262 1913 2317 τὸν

323 2340 557 2413 Κύριον.
605 2342 773 2397 Τοῦτο
824 2345 918 2397 καὶ
983 2345 1192 2410 Παῦλος
1242 2351 1663 2421 ἐπισημαίνεται
1711 2353 1905 2423 λέγων·

323 2430 650 2498 Παρέδωκα
687 2437 798 2501 γὰρ
842 2433 984 2503 ὑμῖν
1018 2435 1089 2488 ἐν
1130 2436 1404 2505 πρώτοις,
1445 2439 1476 2492 ὃ
1517 2441 1615 2493 καὶ
1651 2443 1913 2509 παρέλα-

326 2520 462 2583 ϐον,
506 2520 595 2575 ὅτι
631 2523 887 2591 Χριστὸς
932 2524 1231 2579 ἀπέθανεν
1279 2528 1431 2597 ὑπὲρ
1464 2528 1582 2583 τῶν
1617 2532 1916 2601 ἁμαρτιῶν

321 2608 521 2680 ἡμῶν,
575 2614 727 2667 κατὰ
777 2614 883 2681 τὰς
937 2617 1218 2685 Γραφὰς,
1266 2619 1365 2671 καὶ
1418 2619 1509 2673 ὅτι
1549 2622 1775 2691 ἀνέστη
1816 2626 1915 2679 καί

320 2700 498 2770 ὤφθη
540 2702 744 2773 Κηφᾷ,
800 2701 927 2760 εἶτα
975 2706 1099 2773 τοῖς
1148 2707 1384 2763 ἕνδεκα.
1428 2712 1651 2783 Πρῶτον
1700 2714 1911 2787 Πέτρῳ,

318 2788 450 2846 εἶτα
480 2794 729 2858 ἐκείνοις.
780 2797 979 2867 Ἐφάνη
1027 2797 1208 2852 τοίνυν
1253 2802 1369 2863 ταῖς
1414 2803 1627 2870 γυναιξὶ⁸
1674 2804 1910 2875 πρῶτον,

320 2879 450 2937 εἶτα
481 2884 672 2957 Πέτρῳ
726 2886 998 2960 δεύτερον,
1040 2886 1152 2944 εἶτα
1199 2893 1309 2955 τοῖς
1344 2894 1471 2963 περὶ
1507 2894 1771 2950 Κλεώπαν
1804 2900 1915 2969 τρί-

317 2990 441 3034 τον,
482 2971 599 3027 εἶτα
647 2980 760 3041 τοῖς
801 2978 934 3033 δέκα
980 2979 1089 3033 τῶν
1133 2981 1312 3051 θυρῶν
1363 2987 1782 3056 κεκλεισμένων,
1836 2988 1911 3061 μὴ

320 3069 595 3139 παρόντος
636 3064 827 3141 Θωμᾶ,
864 3070 1118 3143 τέταρτον
1138 3090 1150 3104 ·
1196 3070 1311 3127 εἶτα
1345 3079 1457 3139 τοῖς
1489 3079 1678 3131 ἕνδεκα
1712 3080 1914 3150 παρόν-

318 3176 420 3223 τος
450 3159 667 3215 καὶτοῦ
715 3163 918 3234 Θωμᾶ·
957 3163 1064 3217 ἰδοὺ
1107 3165 1375 3236 πέμπτον.
1408 3163 1540 3221 Εἶτα
1576 3170 1736 3224 πάλιν
1783 3171 1911 3240 φαί-

318 3264 479 3307 νεται
526 3252 775 3323 ἀδελφοῖς
822 3257 1198 3322 πεντακοσίοις
1221 3275 1233 3289 ·
1278 3262 1306 3312 6
1361 3260 1471 3332 γάρ
1543 3261 1753 3326 Παῦλος
1818 3263 1914 3317 καὶ

316 3338 485 3394 τοῦτο
533 3341 911 3415 ἐπισημαίνων
961 3345 1140 3415 λέγει·
1190 3350 1431 3404 Ἔπειτα
1485 3350 1651 3421 ὤφθη
1711 3353 1914 3409 ἐπάνω

317 3434 745 3500 πεντακοσίοις
772 3435 1058 3505 ἀδελφοῖς
1085 3439 1345 3508 ἐφάπαξ,
1373 3441 1442 3506 ἐξ
1468 3436 1557 3496 ὧν
1579 3447 1632 3498 οὶ
1658 3446 1911 3512 πλείους

313 3523 619 3591 μένουσιν
664 3526 776 3593 ἕως
819 3528 949 3596 ἄρτι
968 3546 985 3559 ·
1035 3531 1144 3585 ἰδοὺ
1191 3532 1369 3587 ἕκτον.
1424 3530 1559 3588 Εἶτα
1600 3534 1757 3608 ὤφθη
1797 3540 1911 3602 τοίς

317 3616 468 3668 ἐπτά
496 3617 588 3670 ἐπὶ
619 3616 722 3690 τῆς
762 3619 1041 3693 θαλάσσης
1074 3622 1173 3693 τῆς
1216 3625 1532 3697 Τιϐεριάδος
1573 3627 1905 3682 ἁλιεύουσιν·

317 3699 446 3757 εἶτα
499 3705 657 3780 ὤφθη
702 3708 943 3783 Ἰακώϐῳ
1006 3713 1147 3765 κατά
1199 3713 1290 3766 τὸν
1343 3713 1582 3768 Παῦλον·
1629 3713 1747 3770 εἶτα
1799 3722 1910 3781 τοῖς

316 3797 643 3862 ἀποστόλοις
679 3801 834 3855 πᾶσι.
878 3802 1118 3874 Πρόσεχε
1151 3815 1200 3868 ιι,
1248 3805 1571 3876 παρακαλῶ.
1600 3808 1784 3879 Ἔχεις
1817 3804 1909 3861 οὖν

315 3890 543 3962 πρῶτον
575 3892 674 3956 τὰς
700 3898 986 3963 γυναῖκας,
1009 3897 1100 3950 τὸν
1143 3897 1368 3970 Πέτρον,
1404 3901 1528 3962 τοὺς
1568 3901 1698 3971 περὶ
1726 3900 1909 3954 Κλεώ-

315 3998 452 4047 παν,
495 3983 597 4055 τὴν
635 3986 903 4041 ὀπτασίαν
938 3987 1047 4042 τῶν
1083 3988 1213 4043 δέκα
1256 3990 1413 4053 ἐκτὸς
1454 3990 1545 4044 τοῦ
1579 3991 1770 4063 Θωμᾶ,
1809 3993 1907 4064 τήν

312 4073 430 4126 τῶν
481 4074 708 4143 ἕνδεκα,
757 4078 856 4149 τὴν
899 4079 1008 4133 τῶν
1065 4081 1432 4136 πεντακοσίων
1472 4083 1736 4155 ἀδελφῶν,
1798 4085 1906 4139 ἰδοὺ

311 4167 504 4221 ἕκτον·
538 4169 765 4241 ἕϐδομον
806 4175 918 4236 τοῖς
960 4173 1117 4238 ἐπτά,
1160 4174 1345 4243 ὄγδοον
1386 4176 1649 4248 Ἰακώϐῳ,
1687 4176 1906 4230 ἔννατον

310 4263 431 4323 τοῖς
476 4260 876 4332 ἐϐδομήκοντα,
931 4263 1154 4319 δέκατον
1205 4268 1286 4330 είς
1335 4266 1398 4319 τὸ
1443 4266 1568 4339 ὅρος
1601 4268 1699 4338 τῆς
1748 4268 1905 4324 Γαλι-

311 4353 497 4419 λαίας,
533 4354 820 4410 ἑνδέκατον
867 4358 947 4420 είς
990 4358 1052 4411 τὸ
1090 4358 1215 4429 ὅρος
1257 4360 1367 4413 τῶν
1406 4360 1651 4415 Ἐλαιῶν.
1685 4362 1777 4425 Et;
1808 4360 1905 4433 τὴν

309 4446 583 4519 ἀνάληψιν
612 4447 708 4502 τοῦ
739 4450 994 4521 Σωτῆρος
1036 4451 1297 4515 πολλάκις
1339 4452 1776 4517 ἐπαναλαϐόντος
1806 4453 1904 4524 τὴν

311 4538 562 4607 εἰρήνην,
611 4537 810 4592 ἄτοπόν
860 4542 1006 4594 ἐστιν
1074 4542 1223 4611 ἡμᾶς
1274 4541 1349 4612 μὴ
1404 4541 1765 4598 ἐπαναλαϐεῖν
1805 4544 1904 4615 τὴν

304 4625 492 4697 ψῆφον
556 4629 636 4690 είς
691 4628 999 4698 βεϐαίωσιν.
1053 4631 1236 4702 Ἔχεις
1296 4632 1476 4687 τοίνυν
1541 4633 1756 4706 πρῶτον
1805 4633 1903 4698 τὰς

309 4721 602 4788 γυναῖκας,
653 4721 906 4794 δεύτερον
959 4726 1051 4777 τδν
1094 4726 1323 4798 Πέτρον,
1359 4725 1539 4796 τρίτον
1595 4729 1723 4791 τοὺς
1772 4729 1902 4798 περὶ

310 4808 608 4875 Κλεώπαν,
634 4811 898 4882 τέταρτον
926 4814 1052 4876 τοὺς
1080 4813 1230 4879 δέκα,
1262 4814 1510 4885 πέμπτον
1534 4815 1658 4879 τοὺς
1688 4816 1900 4883 ἕνδεκα,

306 4897 472 4950 ἓκτον
506 4900 630 4964 τοὺς
661 4901 1070 4965 πεντακοσίους,
1101 4902 1328 4973 ἕϐδομον
1358 4904 1484 4967 τοὺς
1519 4904 1679 4969 ἐπτά,
1717 4905 1900 4974 δγδοον

316 4987 601 5056 Ἰάκωϐον,
626 4989 846 5045 ἔννατον
885 4991 1011 5054 τοὺς
1043 4991 1433 5063 ἐϐδομήκοντα,
1462 4992 1685 5047 δέκατον
1716 4994 1811 5047 ἐπὶ
1842 4994 1901 5048 τὸ

303 5082 439 5153 ὅρος
504 5088 599 5155 τῆς
656 5081 976 5147 Γαλιλαίας,
1029 5082 1313 5137 ἑνδέκατον
1361 5084 1454 5136 ἐπὶ
1500 5085 1561 5138 τὸ
1609 5084 1735 5156 ὅρος
1792 5086 1900 5139 τῶν

316 5172 568 5227 Ἐλαιῶν.

382 5270 475 5318 ια’.
504 5263 935 5335 Ὀπτανόμενος
966 5266 1171 5333 αὐτοῖς
1216 5267 1290 5321 δι’
1318 5269 1552 5337 ἡμερῶν
1601 5269 1897 5339 τεσσαρά-

303 5372 528 5422 κοντα,
576 5356 678 5410 καί
721 5357 914 5428 λέγων
946 5358 1019 5411 τὰ
1071 5358 1205 5427 περί
1259 5359 1375 5436 τῆς
1412 5360 1739 5426 βασιλείας
1790 5361 1896 5415 τοῦ

306 5446 485 5503 Θεοῦ.
542 5449 651 5503 Καὶ
714 5447 1179 5519 συναλιζόμενος
1243 5450 1643 5520 παρήγγειλεν
1686 5452 1897 5519 αὐτοῖς

302 5539 432 5595 ἀπὸ
475 5537 899 5611 Ἰεροσολύμων
931 5540 1017 5610 μὴ
1058 5540 1423 5610 χωρίζεσθαι,
1455 5543 1618 5598 ἀλλὰ
1660 5544 1895 5614 περιμέ-

302 5649 443 5688 νειν
476 5630 590 5700 τὴν
628 5632 993 5703 ἐπαγγελίαν
1021 5633 1127 5687 τοῦ
1157 5633 1410 5702 Πατρός,
1428 5632 1579 5706 [768]
1613 5634 1692 5702 ἢν
1722 5636 1898 5702 ἠκού-

375 5738 403 5767 ⁸
425 5737 629 5805 A_dduu_l
651 5738 749 5805 du_o
782 5739 924 5805 godd.
952 5738 1022 5788 Οὐ
1042 5740 1440 5805 περὶτῶν-ἕνδεκα
1472 5741 1613 5805 λέγει·
1642 5743 1893 5805 προλαϐὼν

300 5801 400 5865 γᾴρ
423 5798 551 5865 εἶπεν
860 5804 1016 5864 Κηφᾷ.
1051 5798 1171 5850 Εἶτα
1202 5803 1300 5865 τοῖς
1332 5803 1514 5865 ἕνδεκα.
1536 5798 1733 5865 Ῥει-έὶι
1776 5804 1894 5851 1186

300 5862 415 5910 εἶτα
433 5861 531 5927 τοῖς
571 5861 913 5927 ἐϐδομήκοντα·
940 5861 1102 5927 ἔπειτα
1137 5864 1235 5927 τοῖς
1258 5864 1543 5927 ἀποστόλοις
1565 5861 1701 5914 πᾶσι.
1728 5865 1891 5927 Πρόσ-

298 5936 410 5983 ιχε,
425 5923 548 5990 in}.
574 5922 674 5971 Sed
700 5921 814 5990 i667
838 5924 1135 5981 ἀποστόλους
1155 5925 1206 5973 δὲ
1229 5928 1349 5988 λε’γλ
1370 5924 1449 5973 νῦν
1474 5926 1581 5985 τοὺς
1606 5921 1892 5990 ἐϐδομήκον-

290 6000 387 6033 τα.
424 5983 656 6047 Πρόσεχε,
676 5986 778 6031 κτλ.

1038 415 1107 472 ΙΝ
1131 416 1613 478 ASCENSIONEM
1645 423 1706 478 D.
1747 424 1811 480 N.
1852 425 1901 479 δ.
1940 427 2000 482 C.
2043 428 2132 484 ET
2172 429 2236 484 IN
2276 431 2565 489 PRINCIP.
2603 435 2758 494 ACT.
2812 437 2874 494 ll.

3505 447 3606 502 τει

2030 542 2176 595 σαι-ἐ
2213 561 2352 612 μου.
2381 547 2444 598 Ὢ
2484 550 2582 617 τῆς
2638 549 2837 621 πολλῆς
2889 552 3237 621 ἀνεξικακίας
3274 556 3367 611 τοῦ
3413 560 3598 629 Σωτῆ·

2027 635 2145 703 ροςῐ
2179 633 2224 686 ὢ
2252 636 2351 706 τῆς
2390 637 2587 709 πολλῆς
2622 641 2986 713 άγαθότητοςί
3030 644 3075 698 ὢ
3111 646 3210 717 τῆς
3243 647 3451 716 ὰφάτου
3487 651 3602 719 φιλ-

2025 725 2373 798 ανθρωπίαςί
2420 730 2617 795 Ἔστω,
2647 731 2910 799 Δέσποτα,
2950 734 3056 808 πρὸ
3094 736 3189 791 τοῦ
3235 738 3440 797 πάθους
3478 757 3603 792 συν-

2025 815 2211 885 ήσθιες
2245 818 2338 871 καὶ
2368 821 2746 874 συνανεκλίνου
2779 826 2894 887 τοῖς
2930 826 3199 897 μαθηταῖς
3219 845 3232 859 ο
3264 829 3351 883 διὰ
3379 830 3429 883 τί
3462 831 3599 901 μετά

2022 904 2121 976 τὴν
2156 908 2447 963 ἀνάστασιν
2493 910 2783 984 συναλίζῃ;
2818 914 2937 968 Ἵνα
2985 915 3268 984 βεϐαιώσω
3298 920 3355 972 ἐν
3392 920 3595 983 αὐτοῖς,

2024 998 2192 1068 φησὶ,
2254 999 2330 1070 τῷ
2378 1001 2549 1073 Θωμᾷ
2606 1005 2705 1075 τὴν
2760 1006 3075 1061 ἀνάστασιν.
3138 1009 3200 1061 EE
3249 1009 3359 1082 γάρ
3405 1010 3594 1063 τούτου

2022 1090 2313 1160 γενομένου
2356 1095 2462 1146 εἰσί
2490 1112 2633 1159 τινες
2677 1095 2755 1149 ἔτι
2787 1098 2880 1151 καὶ
2922 1099 3455 1162 νῦν-διαπιστοῦντες
3498 1103 3595 1173 τὴν

2024 1180 2351 1235 ἀνάστασιν·
2386 1185 2432 1236 εί
2473 1184 2546 1255 μὴ
2594 1186 2750 1239 τοῦτο
2781 1188 3016 1255 ἐγένετο,
3056 1192 3149 1243 καὶ
3196 1192 3466 1262 συνέφαγε
3503 1197 3596 1247 καὶ

2024 1272 2273 1326 συνέπιεν
2303 1275 2504 1340 αὐτοῖς,
2536 1279 2620 1341 τίς
2650 1278 2714 1331 ἂν
2743 1280 2956 1336 ἔπειθεν
2984 1283 3161 1335 αὐτῶν
3187 1284 3254 1338 τά
3288 1285 3595 1355 άχαλίνωτα

2022 1362 2285 1433 στόματα,
2318 1366 2635 1436 τολμώντων
2677 1369 2871 1441 ῥαδίως
2904 1372 3081 1440 λέγειν
3113 1374 3291 1429 πάντα
3330 1376 3458 1447 περὶ
3498 1378 3596 1445 τῆς

2019 1454 2114 1508 τοῦ
2146 1457 2395 1528 Σωτῆρος
2425 1461 2770 1531 οίκονομίας;
2804 1465 3082 1518 Ἐντεῦθεν
3104 1466 3468 1539 διδασκόμεθα
3494 1470 3593 1539 τὴν

2022 1546 2169 1601 θείαν
2204 1550 2296 1601 καὶ
2332 1552 2598 1622 μυστικὴν
2634 1554 2913 1624 τράπεζαν
2951 1560 3137 1628 τιμᾷν.
3178 1558 3444 1624 Πολλάκις
3484 1559 3594 1632 γὰρ

2018 1638 2054 1692 ἃ
2092 1639 2165 1711 μὴ
2206 1641 2534 1714 κατώρθωσε
2579 1644 2754 1714 λόγος,
2801 1647 3128 1720 κατώρθωσε
3156 1650 3424 1721 τράπεζα.
3458 1650 3593 1703 Πολ-

2018 1728 2175 1793 λάκις
2216 1732 2396 1803 μυρίοι
2422 1733 2712 1804 σύμϐουλοι
2741 1737 2832 1790 καὶ
2864 1737 2992 1808 μίαν
3022 1737 3222 1810 ἔχθραν
3249 1739 3348 1792 οὐκ
3373 1738 3591 1802 ἔλυσαν,

2018 1822 2113 1875 καὶ
2169 1823 2267 1892 μία
2325 1824 2574 1894 τράπεζα
2624 1827 2891 1899 πολέμους
2940 1830 3254 1884 κατέλυσεν.
3312 1831 3443 1884 Ἀπὸ
3498 1830 3591 1885 τοῦ

2018 1915 2427 1983 προηγουμένου
2457 1917 2587 1970 λάϐε
2618 1919 2715 1988 τὴν
2745 1920 3034 1986 ἀπόδειξιν.
3063 1924 3137 1976 Οὐ
3165 1922 3588 1993 διελιμπάνομεν

2017 1994 2197 2077 ἐχθροὶ
2244 1996 2395 2061 δντες
2436 1999 2530 2052 τοῦ
2582 2000 2716 2054 Θεοῦ
2756 2004 3268 2075 ἐκπεπολεμωμένοι
3319 2005 3455 2077 πρὸς
3500 2005 3591 2059 τὸν

2017 2076 2156 2130 θεῖον
2194 2078 2370 2146 λόγον,
2412 2081 2488 2144 ῶς
2530 2082 2677 2152 λέγει
2708 2085 2947 2150 Παῦλος·
2993 2088 3220 2157 Ἐχθροί
3248 2076 3420 2152 ὄντες
3455 2106 3593 2142 κατ-

2014 2164 2365 2237 ηλλάγημεν
2412 2169 2490 2235 τῷ
2525 2171 2646 2239 Θεῷ
2689 2174 2786 2229 διὰ
2829 2175 2934 2229 τοῦ
2989 2176 3247 2232 θανάτου
3293 2178 3400 2232 τοῦ
3454 2176 3591 2232 Υίοῦ

2017 2248 2224 2331 αὑτοῦ.
2247 2252 2478 2331 ΑἘχθροὶ
2503 2250 2643 2326 ἦμεν
2668 2274 2681 2287 ⁸
2721 2258 3002 2331 ἀπεστάλη
3038 2261 3201 2331 νόμος
3233 2262 3327 2315 καὶ
3353 2261 3412 2315 οὐ
3450 2260 3592 2331 διήλ-

2014 2330 2172 2396 λαξεν
2194 2350 2207 2363 ·
2240 2329 2404 2405 ἦλθον
2434 2340 2730 2409 προφῆται,
2754 2343 2847 2395 καὶ
2885 2329 3237 2399 ούκήέπεισαν
3257 2362 3270 2376 °
3303 2344 3415 2398 ἀλλ’
3449 2329 3594 2415 ἔμει-

2015 2430 2112 2468 ναν
2158 2417 2207 2469 οί
2248 2417 2431 2489 ἐχθροὶ
2481 2421 2574 2474 τοῦ
2610 2422 2766 2488 Θεοῦ,
2811 2424 2907 2479 καὶ
2954 2427 3224 2497 πολέμιοι.
3270 2426 3464 2480 Πολλοὶ
3495 2426 3591 2480 τύ-

2017 2513 2199 2568 ραννοι
2234 2502 2372 2554 κατά
2408 2503 2507 2572 τῆς
2536 2505 2813 2574 ἀληθείας,
2843 2508 3025 2562 πολλοὶ
3050 2511 3306 2581 θεομάχοι
3331 2510 3468 2566 κατά
3492 2511 3592 2579 τῆς

2014 2580 2315 2646 εὐσεϐείας,
2348 2584 2537 2639 πολλοὶ
2565 2588 2733 2655 λόγοι,
2764 2590 2956 2644 πολλαὶ
2980 2580 3338 2661 διδασκαλίαι,
3367 2595 3462 2647 καὶ
3487 2593 3589 2648 οὐκ

2014 2662 2210 2749 ἔλυσαν
2233 2666 2325 2720 τὸν
2352 2668 2603 2740 πόλεμον.
2618 2667 2819 2726 Ἦλθεν
2835 2678 2862 2728 6
2884 2676 3136 2746 Χριστὸς,
3152 2677 3318 2748 ἔπηξε
3341 2678 3440 2749 τὴν
3469 2679 3594 2731 ἐαυ-

2012 2746 2107 2832 τρῦ
2158 2749 2456 2819 τράπεζαν,
2510 2753 2818 2827 προέθηκεν
2865 2759 3054 2812 ἐαυτὸν
3098 2763 3178 2822 είς
3231 2746 3453 2832 βρῶσιν,
3497 2761 3592 2814 καὶ

2012 2826 2155 2915 εἶπε,
2177 2833 2417 2901 Λάϐετε,
2439 2835 2674 2907 φάγετε,
2703 2826 2796 2892 καί
2817 2841 3021 2906 εὐθέως
3043 2842 3131 2896 τὸν
3155 2826 3387 2915 πόλεμον
3410 2844 3588 2910 ἔλυσε,

2012 2914 2105 2969 καὶ
2146 2916 2243 2988 τὴν
2275 2919 2497 2991 εἰρήνην
2542 2922 2998 2994 κατεϐράϐευσεν.
3048 2927 3135 2979 Ἐν
3181 2914 3442 2998 Αἰγύπτῳ
3479 2945 3587 2997 μα-

2015 2997 2183 3062 στίζει
2212 3003 2337 3066 τοὺς
2364 3002 2686 3075 θεομάχους,
2732 3010 2826 3062 καὶ
2854 3009 3026 3072 οὐδεὶς
3063 3010 3326 3063 ὑπακούει
3349 3026 3363 3040 ·
3395 2997 3587 3064 τύπτει

2010 3084 2137 3146 τοὺς
2177 3086 2501 3157 τυράννους,
2549 3092 2644 3145 καὶ
2693 3095 2867 3159 οὐδεὶς
2914 3095 3178 3148 πείθεται.
3225 3094 3488 3148 Ἐνταῦθα
3531 3095 3589 3148 δὲ

2013 3169 2332 3242 προτίθησιν
2376 3175 2567 3228 ἐαυτὸν
2605 3178 2683 3241 είς
2729 3177 2960 3248 βρῶσιν,
3003 3178 3096 3232 καὶ
3145 3179 3344 3240 πάντες
3381 3176 3590 3231 αἰδοῦν-

2011 3269 2102 3307 ται
2136 3254 2230 3308 καὶ
2262 3256 2559 3313 πείθονται.
2585 3258 2873 3326 Μαστίζων
2898 3262 2998 3315 οὐκ
3027 3261 3264 3327 ἔπεισεν,
3297 3260 3388 3315 καὶ
3419 3261 3591 3314 ἐσθιό-

2015 3351 2175 3405 μενος
2210 3338 2407 3393 πείθει.
2443 3342 2785 3412 Ἐσθιόμενον
2818 3343 2962 3412 λέγω
2998 3342 3143 3397 κατά
3178 3343 3277 3413 τὴν
3323 3342 3589 3414 μυστικὴν

2009 3419 2309 3491 τράπεζαν.
2350 3422 2492 3492 Ἐγὼ
2524 3424 2656 3496 γὰρ,
2695 3427 2880 3497 φησιν,
2907 3427 3023 3495 sua
3052 3430 3086 3481 ό
3122 3426 3301 3495 ἄρτος
3344 3429 3377 3480 ό
3400 3426 3470 3492 ἐξ
3498 3429 3592 3481 οὐ·

2001 3501 2197 3570 ρανοῦ
2233 3506 2511 3572 καταϐὰς,
2541 3507 2642 3562 καὶ
2685 3508 2839 3579 ζωὴν
2879 3509 3086 3576 διδοὺς
3121 3508 3199 3575 τῷ
3226 3509 3448 3580 κόσμῳ.
3482 3511 3592 3567 Καὶ

2012 3607 2426 3680 συναλιζόμενος
2464 3611 2647 3676 αὐτοῖς
2677 3613 2854 3666 ἐλάλει
2895 3614 2962 3667 τὰ
3006 3615 3133 3683 περὶ
3176 3614 3273 3684 τῆς
3313 3613 3589 3684 βασιλείας

2009 3692 2105 3745 τοῦ
2148 3692 2284 3746 Θεοῦ
2306 3710 2321 3725 ·
2365 3694 2460 3748 καὶ
2505 3696 2913 3766 Παρήγγειλεν
2948 3697 3151 3763 αὐτοῖς
3194 3698 3312 3752 ἀπὸ
3345 3698 3591 3767 Ἰεροσο-

2009 3776 2217 3844 λύμων
2234 3776 2320 3845 μὴ
2352 3776 2717 3845 χωρίζεσθαι,
2739 3780 2898 3833 ἀλλὰ
2922 3779 3260 3849 περιμένειν
3279 3780 3394 3850 τὴν
3417 3781 3591 3852 ἐπαγο

2010 3858 2222 3926 γελίαν
2273 3860 2379 3913 τοῦ
2422 3862 2675 3928 Πατρός,
2722 3860 2802 3929 ἣν
2851 3862 3155 3929 ἠκούσατέ
3197 3881 3337 3932 μου.
3385 3865 3586 3929 Ἔστω,

2011 3939 2327 4010 ἠκούσαμέν
2372 3959 2487 4006 σου,
2533 3943 2817 3997 Δέσποτα·
2873 3940 3035 4008 εἶπας
3092 3944 3223 4017 γὰρ,
3275 3946 3590 4000 Ἀναϐαίνω

2012 4024 2160 4092 πρὸς
2198 4023 2307 4077 τὸν
2345 4027 2576 4093 Πατέρα
2614 4043 2755 4094 μου,
2797 4026 2892 4081 καὶ
2928 4027 3231 4098 παρακαλῶ
3277 4029 3458 4093 αὐτὸν,
3495 4029 3589 4082 καὶ

2010 4107 2293 4161 ἀποστελῶ
2327 4108 2455 4178 ὑμῖν
2486 4109 2547 4161 τὸ
2581 4108 2807 4180 Πνεῦμα
2831 4110 2930 4181 τῆς
2969 4110 3251 4182 ἀληθείας,
3290 4111 3381 4166 τὸν
3414 4113 3587 4182 παρά-

2011 4191 2228 4263 κλητον.
2254 4192 2326 4246 Σὺ
2371 4188 2533 4256 εἶπας
2570 4191 2762 4253 ταῦτα,
2786 4192 2900 4246 ὁ·δέ
2934 4193 3125 4264 Πατὴρ
3160 4194 3291 4247 πότε
3326 4194 3587 4266 ἐπηγγεί-

2008 4275 2163 4339 λατο;
2210 4275 2325 4328 Οὐκ
2362 4273 2533 4341 εἶπεν,
2597 4276 2911 4346 Ἀναμένειν
2950 4276 3051 4347 τὴν
3088 4275 3418 4346 ἐπαγγελίαν
3457 4293 3583 4347 μου,

2007 4356 2162 4423 ἀλλὰ,
2200 4358 2319 4426 Τὴν
2350 4360 2713 4430 ἐπαγγελίαν
2740 4356 2847 4413 τοῦ
2881 4357 3134 4426 Πατρός,
3175 4357 3254 4427 ἣν
3284 4359 3588 4428 ἠκούσατέ

2000 4458 2140 4509 μου.
2172 4441 2300 4506 Ναὶ,
2334 4442 2520 4511 φησὶν,
2542 4443 2570 4494 6
2594 4441 2788 4512 Πατὴρ
2828 4442 3316 4511 προεπηγγειλατο,
3343 4441 3453 4510 ἐγὼ
3477 4443 3583 4496 ὐπ-

2006 4524 2236 4595 έμνησα.
2272 4525 2383 4578 Καὶ
2413 4523 2516 4576 ποῦ
2558 4522 2923 4593 ἐπηγγείλατο
2958 4523 2985 4575 6
3024 4525 3252 4594 Πατήρ;
3295 4524 3454 4578 ὐλον
3488 4525 3585 4579 ἐάν

2008 4605 2322 4680 ἀναπτύξῃς
2348 4605 2409 4657 τὸ
2442 4606 2791 4674 Εὑαγγέλιον,
2821 4608 2920 4676 οὐχ
2956 4606 3228 4677 εὑρίσκεις
3259 4607 3440 4676 φωνὴν
3464 4609 3582 4660 Πα-

2004 4711 2131 4781 τρδς
2160 4711 2637 4782 ἐπαγγελλομένην
2671 4713 2782 4773 τοῖς
2810 4711 3079 4782 μαθηταῖς
3118 4710 3318 4766 διδόναι
3359 4713 3584 4785 Πνεῦμα

2008 4795 2182 4864 ἀγιον.
2227 4796 2337 4848 Καὶ
2382 4794 2485 4849 ποῦ
2524 4793 2922 4865 ἐπηγγείλατο;
2973 4796 3062 4848 Ἐν
3096 4797 3207 4858 τοῖς
3254 4800 3581 4869 προφήταις,

2004 4877 2080 4940 ὡς
2106 4876 2251 4945 λέγει
2284 4877 2496 4942 Παῦλος
2515 4895 2528 4908 ·
2556 4878 2800 4942 Παῦλος
2829 4876 3051 4944 δοῦλος
3086 4879 3280 4946 Ἰησοῦ
3303 4882 3581 4950 Χριστοῦ.

2007 4961 2232 5028 κλητὸς
2261 4962 2624 5028 ἀπόστολος,
2651 4961 3065 5032 ἀφωρισμένος
3090 4965 3178 5026 είς
3212 4964 3583 5034 Εὑαγγέλιον

2007 5047 2175 5104 Θεοῦ.
2204 5045 2236 5099 ὃ
2270 5046 2778 5115 προεπηγγείλατο
2805 5046 2906 5102 διὰ
2954 5046 3074 5101 τῶν
3109 5048 3430 5118 προφητῶν
3468 5053 3583 5105 αὺ-

2004 5129 2109 5183 τοῦ
2143 5129 2214 5182 ἐν
2238 5128 2507 5198 Γραφαῒς
2537 5129 2733 5199 ἁγίαις
2769 5128 2901 5198 περὶ
2941 5129 3050 5184 τοῦ
3087 5131 3225 5186 Υίοῦ
3249 5132 3456 5188 αὐτοῦ.

2076 5225 2163 5295 ιβ’.
2192 5225 2767 5297 Προεπαγγειλάμενος
2794 5224 2970 5279 τοίνυν
2991 5225 3051 5280 τὸ
3072 5227 3422 5297 Εὐαγγέλιον,
3449 5246 3582 5300 προσ

2002 5309 2368 5378 επηγγείλατο
2396 5306 2491 5361 καὶ
2514 5308 2574 5362 τὸ
2604 5307 2829 5378 Πνεῦμα
2853 5308 2914 5361 τὸ
2935 5308 3088 5379 ἆγιον
3105 5310 3322 5366 διδόναι.
3344 5311 3455 5365 Ποῦ
3484 5309 3579 5366 οὖν

2000 5394 2034 5462 ἡ
2076 5392 2378 5461 ἐπαγγελία
2424 5390 2518 5444 τοῦ
2564 5390 2910 5462 Πνεύματος;
2956 5392 3114 5464 Ζητῶ
3160 5392 3279 5463 μεθ’
3306 5393 3458 5465 ὑμῶν
3503 5396 3578 5460 ὡς

2000 5470 2081 5539 εἷς
2106 5474 2166 5540 ἐξ
2198 5476 2351 5546 ὑμῶν
2375 5475 2450 5528 ῶν
2479 5478 2545 5547 τῇ
2576 5476 2755 5528 πίστει
2789 5476 2882 5528 καὶ
2911 5477 2977 5545 τῇ
3013 5476 3202 5547 ἀγάπῃ
3226 5478 3291 5547 τῇ
3326 5477 3454 5547 περὶ
3483 5477 3575 5530 τὶν

2000 5559 2254 5629 Χριστόν.
2303 5553 2472 5629 Εἶπον
2518 5558 2627 5629 γὰρ
2678 5558 2938 5621 πολλάκις
2987 5558 3125 5630 πρὸς
3170 5558 3268 5630 τὴν
3304 5559 3575 5631 ὑμετέραν

1999 5643 2245 5713 ἀγάπην,
2275 5640 2357 5695 ὅτι
2386 5640 2632 5713 πρόϐατα
2662 5642 2756 5695 καὶ⁵
2795 5641 3050 5713 ποιμένες
3083 5641 3220 5712 πρὸς
3248 5642 3343 5713 τὴν
3374 5642 3575 5715 άνθρωέ

2001 5727 2161 5796 πίνην
2216 5723 2365 5797 [769]
2416 5724 2524 5777 εἰσὶ
2571 5723 2857 5793 διαίρεσιν,
2909 5723 3045 5794 πρὸς
3095 5725 3152 5779 δὲ
3205 5725 3574 5799 τδνΧριστὸν

2001 5809 2201 5873 πάντες
2251 5808 2516 5880 πρόϐατα.
2563 5810 2675 5863 Καὶ
2707 5809 2817 5881 γάρ
2859 5810 2907 5863 οί
2966 5809 3346 5880 ποιμαίνοντες
3380 5809 3472 5863 καὶ
3524 5809 3573 5861 οί

2004 5894 2411 5965 ποιμαινόμενοι
2447 5894 2535 5961 ὑφ’
2585 5894 2703 5958 ἐνὸς
2752 5895 2844 5946 τοῦ
2891 5894 3004 5948 ἀνω
3041 5892 3298 5963 ποιμένος
3350 5892 3575 5962 ποιμαί-

2004 5997 2182 6036 νονται
2250 5977 2356 6033 Ποῦ
2389 5976 2482 6039 οὖν
2514 5974 2903 6052 ἐπηγγείλατος
2935 5976 3099 6046 Λέγει
3137 5977 3164 6031 6
3186 5974 3319 6041 Θεὸς
3362 5976 3446 6030 διὰ
3475 5972 3570 6028 τοῦ
