4044 6442
428 441 537 501 735

426 560 554 613 dicit
598 559 851 618 Dominus
900 565 1235 633 omnipotens,
1278 565 1537 632 eﬂ'undam
1578 566 1641 620 de
1674 565 1872 635 Spiritu
1911 576 2019 615 meo

425 666 585 720 super
625 668 823 706 omnem
849 670 1074 721 carnem,
1106 665 1153 709 et
1176 656 1545 725 propltetabunt
1575 654 1673 725 ﬁlii
1722 656 1872 709 vestri
1891 664 1940 708 et
1965 655 2023 723 ﬁ-

421 740 516 794 lia:
558 750 737 796 vestrae
784 742 923 816 (Joel
958 745 1013 800 2.
1065 745 1199 817 9.8).
1258 747 1337 801 En
1382 747 1542 818 igitur
1590 746 2018 816 promissionem.

420 831 666 887 Eventus
691 835 1028 903 quandonam
1046 839 1068 890 ?
1087 837 1219 892 Cum
1251 838 1528 894 descendit
1552 838 1782 909 Spiritus
1801 849 2020 896 sanctus

417 923 480 978 in
511 927 804 994 apostolos,
852 937 907 984 et
947 930 1218 986 distribuit
1241 933 1320 987 eis
1348 933 1643 1002 linguarum
1678 932 2016 998 divisionem,

417 1025 481 1070 et
510 1017 860 1087 loquebantur
888 1021 1100 1092 linguis.
1142 1023 1198 1079 In
1226 1026 1497 1081 ebrietatis
1526 1028 1881 1096 suspicionem
1918 1042 2015 1081 vo-

417 1107 706 1173 cabantur,
737 1110 967 1181 dicitque
997 1113 1222 1169 Petrus:
1261 1114 1371 1170 Viri
1398 1116 1668 1181 Israelita,
1699 1119 1823 1188 quid
1851 1128 2017 1173 atten-

418 1200 546 1253 ditis
574 1201 652 1256 his
676 1203 959 1260 hominibus
986 1209 1132 1276 quasi
1172 1210 1339 1276 ebriis,
1371 1227 1486 1265 cum
1530 1212 1595 1265 sit
1632 1212 1758 1266 hora
1782 1212 1882 1266 diei
1908 1222 2011 1266 ter-

419 1292 499 1344 tia
516 1292 542 1345 Ρ
569 1292 677 1347 Sed
705 1294 801 1348 hoc
824 1307 896 1350 est
920 1300 1053 1367 quod
1078 1299 1266 1353 dictum
1299 1310 1369 1355 est
1413 1319 1502 1372 per
1526 1303 1825 1373 prophetam
1848 1303 1966 1357 Joel
1991 1319 2012 1357 :

418 1382 491 1440 In
513 1389 791 1443 novissimis
816 1391 1006 1457 diebus,
1039 1392 1163 1447 dicit
1195 1393 1466 1458 Dominus,
1519 1394 1777 1463 effundam
1798 1394 1860 1449 de
1885 1394 2009 1463 Spi-

416 1479 524 1532 ritu
548 1496 656 1535 meo
700 1498 855 1552 super
889 1500 1087 1539 onmem
1132 1504 1333 1541 carnem
1364 1487 1516 1561 (Act.
1567 1488 1624 1543 2.
1670 1509 1721 1547 v.
1775 1488 2002 1559 14-17).

416 1567 551 1626 "(BC
578 1581 660 1627 est
689 1573 862 1629 Patris
890 1579 1190 1646 promissio.
1218 1582 1566 1637 Atundenam
1595 1583 1759 1654 liquet
1781 1583 2007 1652 promis—

410 1660 625 1716 sionem
654 1679 717 1718 ex
752 1681 975 1733 persona
1020 1668 1190 1723 Patris
1217 1673 1372 1726 esse?
1426 1673 1851 1743 quandoquidem
1883 1675 2005 1728 novi

412 1750 580 1804 etiam
612 1751 802 1808 Filium
827 1756 877 1809 in
906 1758 1177 1827 prophetis
1203 1761 1496 1829 loquutum,
1531 1763 1795 1818 undenam
1838 1764 2006 1833 liquet

409 1839 628 1897 Patrem
669 1845 770 1899 hoc
812 1847 1048 1903 dixisse?
1078 1848 1355 1916 E/fundam
1391 1856 1452 1907 de
1477 1854 1675 1924 Spiritu
1701 1871 1809 1908 meo
1852 1871 2006 1926 super

406 1948 612 1987 omnem
634 1951 870 2003 carnem,
898 1950 943 1992 et
971 1943 1340 2010 prop/tetabunt
1386 1946 1484 2013 lilii
1513 1946 1662 2000 vestri
1680 1956 1726 2000 et
1772 1948 1894 2012 ﬁlia:
1922 1962 2001 2001 ve-

405 2033 554 2079 strm.
584 2025 747 2089 Dabo,
798 2030 989 2099 inquit,
1018 2033 1164 2103 signa
1190 2036 1240 2088 in
1267 2038 1392 2090 ctvlo
1415 2054 1615 2092 sursum
1639 2079 1655 2104 ,
1687 2049 1734 2092 et
1780 2040 1833 2094 in
1867 2049 2003 2095 terra

402 2115 646 2172 deorsum
669 2137 688 2184 ;
710 2124 1023 2194 sanguinem.
1052 2137 1098 2181 et
1112 2128 1298 2198 ignem,
1331 2140 1375 2184 et
1402 2147 1636 2201 vaporem
1664 2132 2015 2205 fumi(.l0el.2.

400 2213 482 2269 30
502 2209 548 2276 ).
577 2210 695 2266 Dixi
722 2229 884 2285 saepe,
930 2220 1239 2290 sanguinem
1270 2222 1436 2279 latere
1464 2223 1715 2281 ﬂuentem
1745 2243 1759 2278 :
1789 2227 1999 2298 signum

400 2304 552 2358 enim
579 2315 694 2360 erat
736 2310 1031 2366 maximum
1074 2328 1103 2366 a
1138 2325 1351 2371 mortuo
1400 2333 1627 2388 corpore
1682 2321 1996 2392 sanguinem

398 2397 713 2473 elllttentem
759 2405 972 2470 videre;
1004 2411 1314 2479 sanguinem
1368 2427 1400 2467 e
1448 2412 1614 2469 latere
1666 2425 1992 2485 manantem,

400 2488 583 2558 ignem
629 2492 681 2546 in
734 2498 1006 2565 apostolos
1066 2501 1498 2559 descendentem.
1547 2506 1897 2579 Sanguinem,
1947 2519 1996 2564 et

395 2581 591 2652 ignem,
621 2595 666 2639 et
710 2604 945 2657 vaporem
990 2594 1137 2663 fumi.
1171 2595 1268 2651 Sol
1304 2609 1614 2654 convertetur
1661 2602 1713 2655 in
1744 2604 1989 2669 tenebras,

392 2684 447 2727 et
482 2675 605 2729 luna
656 2679 708 2732 in
736 2685 1056 2753 sanguinem,
1107 2697 1372 2759 antequam
1424 2693 1588 2747 veniat
1637 2694 1744 2747 dies
1787 2694 1993 2750 Domini

387 2782 611 2836 magnus
629 2780 675 2823 et
706 2772 918 2829 illustris
943 2775 1040 2849 (α).
1077 2779 1453 2838 Animadverte
1482 2784 1782 2855 loquentem
1823 2787 1987 2842 Deum

392 2856 634 2926 Patrem,
676 2865 946 2932 quomodo
976 2867 1167 2924 Filium
1210 2871 1425 2940 indicet,
1451 2878 1662 2944 quando
1694 2879 1854 2946 dicit,
1882 2880 1988 2935 An-

386 2959 595 3020 tequam
620 2956 781 3009 veniat
794 2957 900 3012 dies
915 2956 1164 3031 Domini;
1192 2980 1298 3020 non
1326 2967 1473 3036 dicit,
1503 2970 1626 3027 Dies
1647 2989 1819 3030 meus.
1846 2974 1983 3040 Quid

383 3039 596 3111 igitur?
620 3046 675 3101 Si
701 3056 759 3103 tu
794 3050 890 3107 das
917 3054 1088 3124 signa,
1113 3072 1210 3112 cur
1256 3060 1308 3115 in
1362 3063 1525 3118 alium
1578 3067 1982 3140 intelligentiam

384 3135 669 3203 transfers,
698 3139 902 3204 dicens.
924 3145 1204 3220 Antequam
1223 3155 1384 3208 veniat
1404 3157 1511 3212 dies
1535 3157 1745 3216 Domini
1768 3180 1983 3236 magnus

378 3233 437 3277 et
464 3224 720 3284 illustris?
766 3235 1017 3292 Animum
1062 3241 1278 3298 adhibe.
1323 3246 1485 3304 Forte
1529 3252 1672 3307 dicat
1717 3224 1978 3327 quispiam

378 3316 701 3386 prophetam
740 3321 883 3394 loqui
926 3343 991 3382 ex
1039 3344 1134 3387 sua
1189 3337 1401 3404 propria
1465 3356 1693 3409 persona
1818 3316 1978 3404 linte-

376 3422 535 3477 quam
575 3413 739 3467 veniat
783 3417 909 3471 dies.
948 3421 1019 3476 At
1061 3439 1167 3478 non
1215 3438 1422 3496 poterat
1458 3433 1640 3490 dicere
1668 3439 1926 3510 propheta
1960 3464 1974 3500 :

375 3498 668 3568 E/I’undam
693 3507 756 3562 de
779 3509 981 3581 Spiritu
1020 3506 1129 3571 meo
1163 3536 1318 3591 super
1343 3539 1540 3579 omnem
1565 3543 1787 3596 carnem,
1831 3543 1972 3588 ante-

370 3608 531 3661 quam
554 3599 718 3653 veniat
743 3600 849 3656 dies
866 3603 1068 3661 Domini
1084 3626 1295 3681 magnus
1314 3624 1362 3667 et
1387 3614 1619 3673 illustris.
1646 3620 1714 3675 Et
1734 3625 1846 3691 erit,
1862 3642 1973 3681 om~

372 3684 458 3737 nis
483 3687 782 3761 quicumque
827 3696 1125 3753 invocaverit
1159 3719 1339 3759 nomen
1380 3707 1606 3777 Domini,
1635 3714 1804 3770 salvus
1852 3718 1963 3773 erit.

373 3773 492 3829 lloc
522 3778 701 3849 itaque
729 3784 865 3839 Deus
895 3788 947 3843 in
987 3792 1261 3861 prophetis
1289 3798 1439 3865 dicit,
1472 3801 1667 3860 Paulus
1695 3824 1822 3863 vero
1849 3808 1966 3866 huic

1099 450 1163 507 IN
1201 450 1672 509 ASCENSIONEM
1714 451 1774 505 D.
1818 446 1880 504 N.
1922 445 1971 500 ι.
2012 443 2074 498 C.
2117 442 2204 501 ΕΤ
2244 443 2316 501 IN
2351 447 2637 505 PRINClP.
2680 449 2834 506 ACT.
2877 449 2936 503 ll.

3612 453 3714 510 res

2134 557 2384 628 baptizari
2419 559 2621 617 fuerint
2665 563 2901 633 apostoli
2946 565 3208 634 baptismo
3235 567 3561 639 evangelico.
3604 569 3717 626 Nos

2131 665 2258 706 vero
2319 667 2492 723 neque
2541 657 2857 712 sententiam
2909 656 3138 712 dicimus
3171 699 3187 722 ,
3218 673 3391 729 neque
3419 660 3712 717 ratiociniis

2129 740 2376 800 humanis
2400 754 2600 801 tantam
2629 749 3043 804 controversiam
3069 750 3425 821 aggredimur,
3448 752 3543 807 sed
3567 752 3712 810 Scri-

2125 835 2295 902 pturis
2324 834 2610 894 haeremus.
2654 839 3030 911 Comperimus
3084 841 3359 910 apostolos
3410 855 3536 899 ante
3586 861 3719 914 pas-

2124 925 2329 982 sionem
2365 927 2561 984 Christi
2591 931 2855 1002 baptisma
2878 931 3100 987 Joannis
3137 932 3388 1003 Baptista:
3413 936 3714 1005 accepisse.

2124 1013 2378 1071 Servator
2403 1027 2580 1074 autem
2612 1030 2735 1076 ante
2762 1022 3063 1091 passionem
3109 1024 3251 1078 aliud
3300 1024 3559 1094 baptisma
3599 1041 3711 1079 non

2121 1104 2286 1169 dedit,
2312 1122 2378 1161 ne
2402 1106 2623 1163 Joannis
2655 1109 3086 1179 praedicationem
3108 1112 3419 1182 abrogaret,
3453 1129 3712 1169 ansamvc

2120 1199 2519 1255 contradicendi
2569 1202 2768 1258 Judaeis
2816 1204 3118 1274 praeberet,
3169 1206 3310 1275 quod
3363 1206 3428 1260 ad
3480 1206 3707 1262 Joannis

2118 1287 2371 1360 Baptista:
2399 1294 2777 1349 contumeliam
2816 1295 2958 1350 aliud
3000 1296 3102 1351 sibi
3140 1298 3409 1367 proprium
3439 1298 3702 1367 baptisma

2115 1382 2450 1452 induxisset,
2509 1387 2602 1443 sed
2657 1388 2778 1444 illos
2818 1389 3028 1445 sinebat
3056 1391 3245 1460 pignus
3268 1406 3420 1461 aqua:
3462 1391 3700 1458 habere,

2114 1491 2395 1532 reservans
2425 1479 2528 1534 illis
2565 1481 2790 1550 gratiam
2841 1480 3088 1550 Spiritus.
3136 1482 3495 1550 Quamobrem
3546 1486 3697 1554 quasi

2114 1567 2348 1621 nondum
2377 1570 2708 1639 accepissent
2736 1570 2990 1640 Spiritum
3009 1614 3024 1638 ,
3056 1573 3162 1641 ait,
3192 1574 3416 1643 Accipite
3441 1575 3695 1645 Spiritum

2110 1670 2337 1714 sanctunt
2354 1678 2372 1725 ;
2406 1661 2659 1732 additque
2690 1681 2705 1718 :
2734 1663 2879 1717 Abite
2911 1662 3285 1736 Jerosolymam
3309 1707 3322 1731 ,
3353 1675 3398 1719 et
3427 1667 3493 1719 ibi
3521 1683 3697 1737 exspe-

2108 1759 2240 1805 ctate
2287 1754 2669 1823 promissionem
2700 1755 2892 1823 Patris,
2927 1774 3079 1828 quam
3118 1759 3335 1815 audistis
3371 1776 3405 1814 a
3428 1776 3543 1825 me;
3577 1763 3696 1831 quia

2107 1839 2338 1896 Joannes
2363 1845 2564 1914 quidem
2606 1846 2879 1917 baptizavit
2925 1866 3078 1919 aqua,
3104 1865 3192 1905 vos
3217 1860 3384 1905 autent
3411 1852 3693 1924 baptizabi-

2110 1932 2234 1985 mini
2259 1932 2460 2003 Spiritu
2499 1946 2675 1991 sancto
2722 1954 2824 1993 non
2870 1951 2984 2010 post
3030 1942 3217 1996 multos
3264 1942 3357 1996 Itos
3399 1943 3544 2009 dies;
3585 1960 3691 2000 non

2109 2020 2330 2077 ulterius
2380 2039 2560 2094 aqua:
2589 2026 2700 2095 jam
2750 2032 2891 2082 enim
2938 2041 3292 2100 acceperant;
3349 2032 3442 2087 sed
3489 2032 3691 2105 Spiritu

2107 2121 2293 2166 sancto
2321 2130 2335 2170 :
2361 2129 2467 2169 non
2490 2116 2639 2171 addit
2667 2132 2857 2189 aquam
2887 2135 3061 2191 aquae,
3089 2121 3182 2177 sed
3211 2124 3441 2193 complet
3465 2125 3517 2179 id
3546 2127 3687 2195 quod

2104 2201 2405 2260 deﬁciebat.
2445 2206 2547 2261 Vos
2566 2218 2735 2263 autem
2763 2209 3141 2282 baptizabimini
3188 2214 3243 2268 in
3282 2215 3481 2284 Spiritu
3513 2227 3689 2272 sancto

2103 2308 2204 2347 non
2235 2305 2348 2364 post
2374 2298 2560 2353 multos
2602 2299 2694 2354 Itos
2722 2300 2868 2366 dies;
2897 2302 3101 2358 scilicet
3141 2312 3263 2375 post
3302 2304 3490 2361 decem
3542 2306 3684 2363 dies.

2100 2385 2238 2452 Quid
2267 2402 2401 2458 opus
2427 2399 2509 2445 est
2537 2391 2856 2448 intervallo?
2880 2392 3032 2462 Quod
3064 2396 3439 2451 intervallum?
3489 2398 3681 2453 Decem

2099 2477 2215 2534 dies
2243 2494 2360 2550 quae
2390 2482 2839 2550 intercesserunt;
2889 2487 3082 2558 quibus
3114 2489 3476 2558 apostolorum
3524 2488 3682 2545 tidem

2099 2570 2428 2627 exercitavit.
2458 2573 2589 2629 Nam
2616 2576 2925 2647 quiescente
2950 2578 3140 2649 gratia,
3165 2586 3220 2634 et
3261 2580 3475 2634 nemine
3512 2595 3679 2651 appa-

2099 2669 2270 2728 rente,
2302 2679 2489 2720 eorum
2519 2667 2649 2722 lides
2678 2671 3044 2735 exercebatur,
3091 2685 3218 2725 num
3259 2672 3407 2742 quasi
3439 2687 3681 2728 veracem

2096 2766 2411 2825 exspectent
2457 2775 2600 2823 eum,
2650 2763 2739 2832 qui
2796 2763 3061 2832 pollicitus
3089 2772 3191 2818 est.
3240 2764 3489 2819 Promisit
3533 2765 3676 2821 enim

2096 2846 2346 2915 dicendo,
2376 2849 2495 2904 Non
2522 2861 2633 2921 post
2653 2854 2838 2908 multos
2861 2854 2951 2910 ltos
2977 2855 3102 2909 dies.
3133 2855 3248 2910 Non
3276 2855 3515 2911 deﬁnivit
3540 2856 3676 2921 dies,

2092 2938 2185 2992 sed
2213 2938 2362 3005 dicit,
2392 2940 2514 2996 Non
2543 2954 2655 3012 post
2683 2945 2864 3000 multos
2890 2947 2996 3001 dies
3023 2963 3042 3001 :
3073 2962 3178 3002 non
3204 2948 3382 3002 omnia
3411 2964 3507 3003 nos
3536 2949 3678 3005 scire

2090 3031 2337 3086 concedit
2374 3032 2644 3101 Servatur,
2677 3037 2772 3091 sed
2801 3037 3036 3093 ostendit
3073 3053 3131 3094 se
3164 3054 3465 3094 mensuram
3494 3048 3677 3095 tenere

2088 3119 2370 3177 dominicae
2397 3125 2749 3182 auctoritatis.
2789 3127 2918 3195 Quae
2967 3129 3118 3184 audis
3144 3171 3160 3197 ,
3191 3130 3371 3196 disce;
3403 3146 3521 3200 quae
3566 3146 3672 3187 non

2085 3212 2356 3278 didiceris,
2381 3232 2447 3271 ne
2467 3218 2679 3273 curiose
2708 3219 2934 3289 inquire.
2962 3220 3064 3277 Vos
3089 3232 3257 3277 autem
3298 3222 3674 3293 baptizabimini

2082 3304 2138 3357 in
2167 3305 2366 3376 Spiritu
2392 3318 2587 3363 sancto.
2632 3308 2765 3364 Cum
2799 3311 2954 3381 igitur
2982 3313 3213 3382 Spiritus
3239 3325 3456 3369 sanctus
3480 3328 3672 3385 super-

2082 3395 2229 3450 venit
2274 3397 2352 3453 eis
2385 3398 2437 3452 in
2477 3397 2566 3453 die
2596 3398 2961 3467 Pentecostes,
3008 3404 3232 3474 replevit
3259 3414 3420 3460 tutam
3450 3404 3669 3461 domum

2080 3486 2170 3541 tibi
2196 3497 2349 3542 erant
2386 3489 2674 3557 sedentes,
2725 3502 2783 3547 ut
2828 3493 3082 3564 baptizati
3131 3504 3310 3552 essent
3360 3498 3412 3551 in
3468 3496 3667 3567 Spiritu

2078 3589 2283 3647 sancto,
2332 3583 2480 3637 velut
2520 3585 2572 3638 in
2619 3600 2775 3654 aqua.
2826 3586 2901 3641 Ea
2948 3604 3075 3643 vero
3104 3604 3223 3659 qua:
3249 3590 3302 3644 in
3335 3589 3435 3646 hac
3463 3593 3667 3648 visione

2078 3672 2177 3726 sub
2203 3683 2479 3742 aspectum
2511 3691 2617 3731 non
2646 3677 2940 3743 cadebant,
2974 3681 3287 3736 commiscet
3312 3697 3434 3737 cum
3461 3683 3526 3737 iis
3545 3699 3666 3754 quae

2074 3762 2173 3816 sub
2222 3777 2438 3819 sensum
2493 3766 2795 3832 cadebant,
2853 3784 3045 3840 nempe
3084 3772 3283 3826 donum
3335 3773 3658 3845 linguarum.

2072 3852 2329 3921 Baptizati
2363 3866 2487 3912 sunt
2507 3874 2635 3929 ergo
2665 3860 2717 3914 iu
2739 3860 2960 3930 Spiritu.
3014 3863 3165 3930 Quod
3193 3873 3372 3920 autem
3399 3865 3657 3935 Spiritum

369 3866 560 3936 adjicit
589 3887 602 3923 :
632 3870 662 3924 1
666 3890 754 3941 pse
779 3886 947 3932 autem
971 3880 1222 3940 Dominus
1250 3891 1497 3958 omnium,
1527 3895 1665 3950 dives
1689 3898 1743 3951 in
1766 3916 1959 3970 omnes,

367 3960 461 4027 qui
489 3961 721 4018 invocant
763 3968 926 4023 illum.
963 3970 1141 4028 Omnis
1166 3980 1298 4032 enim
1338 3983 1633 4053 quicumque
1659 3991 1961 4049 invocaverit

370 4066 556 4106 nomen
609 4054 835 4125 Domini,
883 4065 1052 4118 salvus
1103 4069 1195 4121 erit
1226 4070 1402 4138 (Rom.
1457 4077 1541 4132 10.
1588 4080 1674 4135 12.
1717 4113 1793 4123 -—
1845 4085 1955 4158 15).

366 4144 573 4203 Deinde
602 4153 890 4209 ostendens
917 4157 1018 4214 hoc
1038 4160 1104 4215 de
1148 4162 1358 4222 Christo
1403 4170 1603 4227 dictum
1648 4190 1791 4242 esse,
1838 4144 1958 4235 alti:

369 4234 638 4301 Quomodo
666 4259 784 4313 ergo
823 4246 1141 4319 invocabant,
1186 4255 1239 4309 in
1276 4274 1421 4327 quem
1452 4278 1552 4316 non
1592 4268 1959 4326 crediderunt?

361 4330 617 4392 quomodo
658 4335 862 4390 credent
904 4340 968 4406 ei,
1018 4358 1164 4410 quem
1219 4363 1319 4403 non
1357 4353 1669 4411 audierunt?
1705 4363 1955 4429 quomodo

360 4432 481 4469 vero
523 4421 726 4476 audient
761 4426 871 4481 sine
895 4431 1201 4499 praedicante
1220 4437 1247 4488 ?
1282 4443 1532 4508 quomodo
1571 4421 1742 4502 autem
1768 4453 1956 4520 praedi-

357 4503 562 4577 cabunt,
595 4513 694 4567 nisi
718 4518 1021 4574 mittantur?
1045 4523 1192 4579 Sicut
1228 4503 1472 4600 scriptum
1499 4548 1615 4591 est:
1651 4503 1818 4604 Quam
1833 4560 1951 4613 spe-

357 4598 487 4652 ciosi
529 4603 681 4669 pedes
733 4612 1182 4681 evangelizantium
1231 4636 1409 4689 pacem
1435 4666 1450 4690 ,
1499 4632 1950 4699 euangelizandum

356 4690 490 4746 bona
518 4694 621 4764 (Ib.
664 4713 711 4750 v.
747 4700 832 4754 14.
870 4704 1002 4774 l5)!
1046 4708 1295 4765 Animum
1333 4714 1548 4783 adhibe,
1577 4690 1777 4789 ᾳῦςεεο.
1807 4723 1952 4780 Prte-

357 4790 508 4859 sepit,
550 4791 741 4863 inquit,
771 4796 843 4851 eis
875 4799 938 4852 ab
979 4799 1312 4876 Jerosolymis
1361 4825 1424 4863 ne
1461 4812 1805 4883 discederent,
1858 4821 1950 4875 sed

350 4891 704 4948 exspectarent
724 4889 1108 4955 promissionem
1128 4894 1322 4965 Patris,
1343 4917 1494 4971 quam
1521 4905 1736 4963 audistis
1760 4926 1793 4962 a
1816 4928 1896 4966 me
1922 4928 1944 4979 ;

348 4970 472 5038 quia
485 4972 712 5030 Joannes
733 4980 935 5047 quidem
949 4982 1218 5054 baptizavit
1242 4970 1392 5061 aqua,
1416 5008 1504 5049 vos
1528 5008 1693 5053 autem
1719 4970 1947 5072 baptiza-

348 5063 528 5118 bimini
558 5066 759 5136 Spiritu
776 5086 970 5140 sancto,
1000 5093 1100 5132 non
1122 5091 1234 5149 post
1259 5086 1444 5141 multos
1467 5089 1559 5143 ltos
1581 5091 1688 5146 dies
1718 5063 1855 5164 (Act.
1887 5098 1942 5152 1.

348 5155 401 5208 4.
434 5155 513 5225 5).
562 5156 694 5213 Nam
736 5174 854 5230 post
905 5167 1251 5240 quadraginta
1291 5176 1405 5232 dies
1431 5178 1615 5235 decem
1647 5155 1800 5239 erant
1825 5188 1943 5245 dies

347 5264 516 5318 usque
588 5254 656 5308 ad
708 5256 1098 5328 Pentecosten,
1161 5269 1213 5320 in
1281 5285 1384 5339 qua
1454 5278 1697 5345 apparuit
1764 5280 1939 5351 Spiri-

346 5350 434 5397 tus
476 5355 713 5416 sanctus,
757 5360 813 5406 et
861 5352 1146 5423 baptizavit
1171 5364 1476 5432 apostolos,
1523 5383 1630 5423 non
1658 5350 1817 5442 aqua,
1842 5377 1936 5432 sed

341 5449 486 5507 igne.

419 5529 509 5584 i5.
549 5530 646 5588 Hie
692 5536 869 5606 itaque
898 5542 1124 5599 solvitur
1146 5550 1377 5616 quaestio
1417 5567 1450 5608 a
1494 5556 1737 5624 plurimis
1766 5573 1932 5620 mota.

343 5619 490 5674 Multi
537 5626 908 5699 quaesierunt,
959 5649 1083 5690 num
1133 5647 1255 5695 ante
1298 5619 1586 5702 Salvatoris
1631 5654 1932 5721 passionem

2068 3947 2315 4015 accipere
2364 3949 2596 4019 idipsum
2648 3962 2793 4007 esset
2838 3954 2979 4022 quod
3022 3955 3275 4025 baptizari
3319 3957 3369 4011 in
3411 3956 3609 4028 Spiritu
3636 4000 3656 4029 ,

2071 4036 2381 4093 testificatur
2408 4040 2509 4095 alia
2538 4041 2781 4098 historia.
2821 4041 2952 4098 Cum
2981 4046 3121 4100 enim
3146 4047 3335 4102 Petrus
3364 4049 3657 4118 reprelien-

2064 4127 2282 4182 deretur
2301 4130 2370 4185 ab
2397 4132 2515 4187 aliis
2543 4133 2819 4204 discipulis
2852 4154 2865 4190 :
2896 4133 3004 4191 Cur
3033 4138 3305 4207 ingressus
3332 4154 3390 4195 es
3415 4140 3480 4195 ad
3509 4140 3653 4198 viros

2062 4221 2309 4290 gentiles,
2354 4232 2408 4278 et
2437 4225 2709 4281 instituisti
2740 4243 2854 4291 eos,
2907 4242 2971 4284 ac
2998 4230 3246 4299 baptismi
3277 4241 3332 4286 et
3361 4233 3650 4305 mysterio-

2063 4326 2178 4365 rum
2231 4314 2515 4384 participes
2564 4317 2893 4374 reddidisti?
2935 4320 3252 4390 respondit:
3286 4322 3397 4392 Ego
3416 4337 3563 4380 eram
3598 4325 3672 4383 in.

2061 4402 2231 4474 Joppe
2272 4407 2404 4464 urbe
2433 4450 2448 4474 ,
2481 4409 2761 4468 Cornelius
2789 4422 2966 4469 autem
2995 4415 3210 4485 quidam
3237 4416 3478 4471 centurio
3506 4416 3667 4474 misit.

2058 4493 2125 4548 ad
2175 4511 2282 4562 me,
2323 4508 2377 4552 et
2418 4500 2605 4555 abiens
2634 4502 2892 4558 docebam
2924 4520 3046 4560 eum
3076 4529 3092 4568 ε
3121 4505 3316 4563 factum
3346 4518 3428 4562 est
3471 4516 3643 4562 autem

2057 4600 2179 4640 cum
2202 4587 2469 4658 loquerer,
2502 4593 2700 4649 decidit
2731 4596 2783 4650 in
2813 4612 2907 4652 eos
2960 4598 3190 4668 Spiritus
3231 4610 3471 4668 sanctus,
3508 4601 3659 4658 sicut-

2057 4677 2194 4731 etin
2242 4694 2340 4734 nos
2385 4680 2439 4734 in
2469 4683 2638 4738 initio.
2692 4685 2758 4739 Et
2802 4695 2858 4740 ut
2882 4688 3189 4744 ostenderet
3228 4691 3453 4759 Petrus,
3501 4694 3641 4763 quod

2054 4768 2362 4839 accipiendo
2378 4772 2632 4842 Spiritum
2652 4788 2894 4834 sanctum
2925 4779 3206 4837 Cornelius
3232 4792 3289 4838 et
3306 4783 3433 4840 socii
3466 4783 3640 4859 bapti-

2052 4858 2155 4914 zati
2208 4860 2469 4929 fuissent,
2522 4867 2699 4922 statim
2745 4868 2880 4923 dixit
2927 4886 2944 4926 :
2990 4870 3305 4928 Recordatus
3332 4891 3444 4929 sum
3472 4858 3650 4933 autem

2051 4952 2315 5007 verborum
2350 4955 2572 5024 Domini,
2594 4959 2723 5015 sicut
2749 4961 2983 5018 dicebat:
3006 4962 3232 5020 Joannes
3251 4967 3452 5036 quidem
3471 4967 3639 5038 bapti-

2048 5046 2180 5099 zavit
2217 5062 2371 5118 aqua,
2405 5067 2490 5105 vos
2518 5060 2684 5107 autent
2711 5053 3091 5126 baptizabimini
3132 5057 3184 5116 in
3227 5058 3427 5129 Spiritu
3465 5072 3638 5120 saneto

2048 5134 2187 5205 (Act.
2219 5139 2460 5211 “.16).

2122 5228 2209 5282 14.
2253 5230 2420 5286 Erant
2448 5233 2607 5302 igitur
2645 5245 2770 5290 ante
2811 5238 3112 5304 passionem
3159 5241 3366 5299 Domini
3410 5243 3640 5313 apostoli

2046 5330 2180 5388 aqua
2208 5319 2300 5374 loti
2328 5337 2340 5375 :
2374 5321 2640 5378 lavacrum
2663 5337 2841 5381 autem
2873 5329 3001 5383 illud
3032 5342 3149 5385 erat
3177 5332 3230 5386 in
3262 5334 3631 5394 remissionem

2044 5418 2410 5475 peccatorum,
2433 5414 2525 5467 sed
2562 5431 2668 5469 non
2691 5427 2805 5471 erat
2834 5421 3166 5490 participatio
3188 5422 3413 5492 Spiritus
3439 5435 3630 5480 sanctt.

2043 5500 2173 5556 Nam
2205 5506 2356 5568 venit,
2392 5505 2592 5576 inquit,
2622 5508 2849 5565 Joannes
2896 5514 3178 5584 praedicans
3225 5517 3279 5571 in
3317 5517 3511 5570 deserto
3541 5517 3622 5572 ba-

2043 5595 2282 5662 ptismum
2305 5599 2608 5665 paenitentia:
2636 5602 2690 5655 in
2717 5606 3059 5660 remissionem
3088 5619 3407 5676 peccatorum
3433 5606 3625 5682 (Marc.

2044 5687 2094 5744 l.
2115 5684 2190 5758 .5).
2222 5688 2293 5741 At
2314 5689 2579 5746 undenam
2600 5693 2831 5749 sciemus
2851 5693 2993 5751 hunc
3018 5696 3334 5765 baptismum
3353 5701 3621 5767 accepisse

2038 5778 2351 5846 apostolos?
2399 5780 2510 5838 Hoc
2537 5782 2984 5842 demonstremus.
3024 5786 3137 5843 Non
3165 5786 3335 5856 dixit,
3381 5789 3615 5845 Joannes

509 5777 896 5867 pylades
933 5790 1078 5852 Regio
1121 5790 1246 5844 2050
1287 5798 1645 5863 excerpsimus,
1686 5818 1796 5867 quae
1837 5821 1933 5859 non

2041 5866 2327 5938 baptizavit
2353 5886 2447 5926 vos
2474 5886 2645 5942 aqua;
2675 5872 2767 5931 sed
2796 5874 3080 5947 baptizavit
3110 5886 3336 5935 tantum.
3375 5879 3620 5934 Nondum

338 5854 362 5887 τ
373 5846 485 5889 rant
508 5842 556 5888 in
578 5843 917 5896 Ottoboniano.
