4044 6430
488 382 585 462 ἑὲ.νὶ

491 514 667 576 autem
695 518 866 588 palum
897 529 978 573 est
1001 531 1120 572 eum
1138 514 1406 578 apostolos
1432 512 1746 582 baptizasse.
1784 508 2065 566 Undenam

500 614 627 683 ergo
652 613 702 667 id
727 608 1015 679 liquidum?
1053 605 1186 661 Audi
1220 603 1525 675 prudenter.
1549 602 1683 657 Cum
1705 602 1847 657 enim
1873 599 2064 654 Petrus

499 702 840 775 repugnando
877 700 1097 762 diceret,
1147 696 1378 762 Domine,
1408 710 1509 749 non
1539 695 1665 747 mihi
1697 691 1886 748 locabis
1916 691 2068 761 pedes

494 786 546 847 in
574 803 817 847 cateruam
846 805 867 844 :
886 783 1157 859 respondit
1183 786 1439 842 Servatur
1466 801 1480 836 :
1516 782 1636 839 Nisi
1656 784 1824 838 lavero
1865 793 1932 847 te,
1964 797 2067 835 non

497 876 694 940 habebis
731 887 925 954 partem
963 890 1178 936 mecum.
1225 877 1504 949 Respondit
1542 876 1725 930 Petrus
1767 890 1786 929 :
1818 874 2064 938 Domine,

498 992 599 1031 non
624 976 825 1028 tantum‘
861 972 1048 1040 pedes,
1092 971 1180 1026 sed
1206 980 1254 1024 et
1282 984 1459 1023 manus
1498 976 1544 1021 et
1587 974 1737 1036 caput
1750 983 1768 1029 ;
1792 963 2072 1034 respondit

493 1049 749 1121 Servatur
801 1103 814 1117 .
865 1062 968 1130 Qui
997 1061 1130 1115 lotus
1176 1068 1267 1125 est,
1318 1074 1417 1112 non
1453 1056 1644 1126 indiget
1683 1055 1781 1109 nisi
1817 1062 1870 1108 ut
1919 1054 2071 1124 pedes

495 1150 620 1209 lavet
668 1153 861 1226 (Joan.
895 1153 984 1207 15.
1012 1148 1225 1219 8.-10).
1256 1148 1419 1203 Vides
1460 1161 1565 1216 quo
1604 1154 1758 1215 pacto
1800 1144 2069 1199 lavacrum

495 1243 932 1300 confirmaverit?
962 1242 1064 1297 Ubi
1091 1254 1320 1310 namque
1345 1255 1450 1292 non
1474 1238 1777 1291 nominatur
1822 1235 1975 1288 Pater
2018 1243 2073 1288 et

502 1337 666 1391 Filius
697 1346 751 1389 ct
773 1333 998 1403 Spiritus
1025 1341 1257 1396 sanctus,
1291 1330 1582 1400 baptismus
1603 1326 1928 1399 ptenitentia:
1955 1332 2069 1389 est;

499 1429 587 1482 ubi
613 1442 739 1483 vero
778 1425 1100 1491 nominatur,
1148 1422 1444 1491 baptismus
1467 1418 1791 1488 adoptionis.
1821 1416 2073 1472 Servator

500 1510 605 1570 non
633 1515 908 1585 abrogavit
931 1513 1252 1584 baptismum
1273 1510 1618 1580 paenitentiae,
1644 1507 1737 1563 sed
1763 1507 2070 1577 complevit,

497 1615 553 1660 et
578 1605 774 1674 adjecit
792 1605 1053 1671 baptismo
1082 1602 1133 1656 in
1155 1601 1411 1657 Trinitatc
1434 1600 1751 1670 baptismum
1772 1598 1939 1652 sancti
1956 1596 2077 1667 Spi-

501 1697 653 1751 ritus.
683 1695 924 1750 limretici
946 1704 1073 1750 vcro
1093 1701 1350 1763 quantum
1380 1693 1433 1746 in
1456 1691 1584 1760 ipsis
1607 1690 1724 1755 fuit,
1756 1690 2074 1758 baptismum

501 1787 555 1841 in'
573 1786 827 1840 Trinitate
846 1785 1189 1840 constitutum
1211 1782 1550 1852 abrogarnnt.
1570 1780 1684 1836 Neu
1703 1778 1914 1835 reveriti
1933 1781 2075 1835 enim

501 1875 627 1933 sunt
652 1878 775 1931 mali
803 1877 885 1932 isti
917 1876 1235 1931 dominicam
1284 1889 1465 1930 vocem
1497 1891 1510 1927 :
1547 1872 1645 1938 Qui
1672 1872 1803 1926 lotus
1833 1879 1925 1934 est,
1975 1887 2077 1924 non

502 1966 690 2038 indiget
711 1968 813 2021 nisi
840 1976 892 2021 ut
918 1966 1068 2037 pedes
1098 1967 1245 2021 lavet.
1298 1963 1399 2019 Vos
1438 1973 1606 2017 autem
1628 1961 2001 2032 baptisabimini
2026 1960 2079 2014 in

505 2057 705 2128 Spiritu
734 2064 907 2111 sancto
927 2072 1029 2110 non
1059 2066 1169 2126 post
1189 2054 1372 2110 multos
1394 2053 1486 2110 hos
1512 2052 1640 2107 dies.
1669 2050 1871 2105 Dehinc
1894 2058 2079 2104 osten-

508 2146 651 2202 ditur
676 2146 899 2202 aviditas
944 2144 1193 2201 humanas
1237 2152 1440 2199 natura:
1482 2143 1703 2212 ejusque
1748 2140 2026 2195 curiositas
2061 2154 2075 2192 :

508 2238 752 2308 quoniam
773 2237 1040 2307 proprium
1067 2244 1149 2292 est
1165 2234 1466 2291 hominibus
1494 2235 1823 2303 interrogare
1844 2236 2077 2301 semper,

507 2328 850 2395 Quandonam
878 2325 1312 2382 consummatio?
1351 2322 1563 2395 quando
1588 2323 1765 2377 veniet
1801 2318 2082 2376 Christus?

513 2412 633 2489 post
670 2425 799 2487 quot
839 2430 1007 2471 annos
1052 2417 1169 2470 linis
1211 2410 1434 2469 aderit?
1476 2412 1813 2484 quandonam
1857 2424 2079 2481 regnum

511 2511 765 2568 caelorum
805 2506 1116 2578 apparebit?
1149 2506 1375 2577 apostoli
1413 2504 1660 2559 humanis
1682 2503 1957 2559 exercitati
1996 2501 2083 2555 in.

510 2600 807 2660 eommodis
835 2613 901 2654 ex
929 2598 1212 2654 Servatore
1253 2599 1611 2652 sciscitantur.
1644 2595 1814 2667 Igitur
1846 2595 1931 2664 qui
1959 2602 2084 2647 con-

510 2699 750 2750 venerant
787 2688 1161 2759 interrogabant
1202 2704 1315 2742 eunt
1357 2688 1575 2741 dicentes
1624 2702 1643 2740 :
1690 2685 1940 2750 Domine,
1968 2684 2012 2737 si
2034 2684 2086 2737 in

516 2788 735 2852 tempore
761 2780 855 2835 hoe
879 2781 1108 2833 restitues
1128 2794 1334 2849 regnum
1362 2777 1529 2831 Israel
1562 2777 1696 2848 (Act.
1733 2777 1784 2830 1.
1815 2774 1897 2845 6)?
1947 2775 2090 2844 Quo-'

516 2872 658 2926 niam
703 2870 910 2925 dixerat
948 2869 1075 2938 ipsis
1106 2909 1121 2934 ,
1166 2867 1293 2923 Cum
1337 2868 1523 2922 uenerit
1563 2866 1728 2921 Filius
1772 2867 1989 2919 hominis
2035 2866 2088 2919 in

515 2961 682 3031 gloria
707 2976 824 3024 sua,
855 2959 1038 3015 dicunt
1065 2959 1145 3025 ei,
1174 2960 1217 3013 si
1260 2959 1312 3012 in
1344 2970 1565 3029 tempore
1589 2958 1728 3011 hoc?
1766 2957 1973 3012 discere
1998 2971 2092 3010 cu-

519 3048 731 3122 piebant
771 3067 838 3106 an
872 3054 904 3107 e
933 3051 1232 3123 propinquo
1259 3057 1403 3106 esset
1431 3049 1782 3119 exspectatio,
1813 3064 1881 3104 an
1909 3048 2092 3117 procul

515 3142 680 3197 salus.
728 3140 930 3207 Quibus
959 3141 1233 3207 Servator,
1265 3139 1388 3195 Non
1414 3149 1484 3196 est
1521 3147 1737 3195 vestrum
1775 3155 1920 3195 nosse
1962 3149 2090 3193 tem-

522 3251 647 3304 pora
681 3244 754 3288 vet
790 3245 1076 3299 momenta,
1133 3248 1243 3303 qum
1290 3231 1447 3285 Pater
1491 3233 1658 3302 posuit
1710 3232 1763 3285 in
1815 3248 1908 3286 sua
1954 3240 2094 3299 pole-

520 3316 650 3378 state
675 3328 693 3394 (
723 3325 864 3383 Ibid.
897 3340 946 3380 υ.
980 3325 1012 3378 7
1049 3326 1086 3393 ).
1118 3322 1385 3391 Apestolis
1406 3337 1475 3377 ne
1499 3331 1732 3391 tempora
1763 3321 1974 3392 quidem
2002 3336 2097 3376 ex-

522 3412 733 3485 plorare
749 3413 828 3468 fas
853 3418 968 3469 erat
986 3430 1001 3479 ;
1024 3412 1079 3468 et
1094 3413 1365 3468 haereticis
1383 3413 1584 3468 licitum
1614 3412 1715 3467 erit
1742 3411 2093 3467 substantiam

526 3515 764 3572 tempora
785 3502 1154 3570 excedentem,
1187 3512 1240 3556 et
1266 3512 1508 3556 naturam
1544 3510 1798 3558 aeternam
1830 3500 2097 3557 scrutari?

522 3594 656 3650 Cum
687 3594 969 3648 haereticus
1010 3595 1271 3664 quispiam
1316 3593 1386 3647 ita
1416 3593 1722 3663 quaesierit,
1776 3592 1894 3660 Quo
1939 3602 2094 3661 pacto

521 3681 700 3752 genuit
715 3681 911 3737 Pater?
932 3683 1050 3752 quis
1075 3682 1266 3736 divina:
1291 3681 1650 3751 generationis
1680 3680 1911 3736 modus?
1937 3689 1991 3734 tu
2020 3679 2096 3734 illi

523 3771 843 3837 dominicam
890 3786 1076 3829 vocem
1121 3780 1387 3843 reponas,
1440 3770 1561 3826 Non
1598 3781 1672 3827 est
1696 3778 1913 3826 vestrum
1952 3786 2098 3825 nosse

527 3878 752 3936 tempora
789 3866 867 3921 vel
901 3874 1188 3932 momenta;
1232 3880 1337 3919 non
1382 3875 1466 3919 est
1501 3876 1739 3920 vestrum
1790 3877 1951 3920 nosse
2002 3864 2096 3919 Dei

524 3953 919 4026 generationem
966 3965 1020 4012 et
1063 3956 1443 4023 substantiam;
1490 3971 1592 4013 nec
1620 3965 1822 4012 tantum
1862 3971 1968 4010 non
2016 3965 2099 4010 est

528 4057 780 4114 vestrum,
796 4047 889 4104 sed
911 4063 1082 4118 neque
1101 4049 1430 4118 angelorum,
1452 4064 1622 4117 neque
1638 4048 2095 4118 archangelorum,

529 4148 699 4210 neque
736 4139 969 4209 cujusvis
991 4149 1182 4193 creata:
1209 4140 1505 4208 potestatis.
1547 4139 1651 4194 Sed
1696 4139 1973 4208 cujusnam
2018 4146 2101 4191 eSt

534 4218 729 4287 nosse?
775 4229 943 4286 Nemo
964 4231 1097 4284 novit
1122 4229 1328 4284 Patrem
1359 4231 1456 4284 nisi
1484 4229 1653 4283 Filius
1676 4271 1691 4294 ,
1722 4240 1881 4298 neque
1908 4228 2100 4282 Filium

526 4320 637 4386 quis
663 4318 799 4372 novit
837 4318 934 4371 nisi
968 4318 1103 4371 solus
1144 4317 1302 4371 Pater
1340 4318 1564 4389 (Matth.
1602 4319 1689 4373 11.
1721 4318 1822 4388 27)
1854 4335 1869 4383 ;
1927 4331 2100 4387 neque

531 4407 786 4480 profunda
822 4408 938 4474 Dei,
966 4408 1067 4463 nisi
1093 4409 1311 4479 spiritus
1334 4409 1457 4463 Dei:
1483 4407 1603 4462 Non
1624 4418 1695 4463 est
1721 4410 1933 4462 vestrum
1960 4424 2102 4464 nosse

530 4512 755 4569 tempora
779 4500 856 4553 vel
883 4498 1150 4553 rnamenta.
1172 4498 1287 4553 Non
1314 4500 1571 4554 revereris
1598 4499 1961 4568 apostolorum
1988 4514 2102 4553 mo-

528 4590 692 4645 dum?
720 4591 809 4660 qui
839 4604 958 4644 eum
986 4590 1266 4645 Servatore
1295 4592 1554 4654 vixerant,
1579 4589 1769 4660 quibus
1800 4587 1912 4659 ipse
1934 4598 2101 4659 appaé

532 4677 664 4746 i'uit,
689 4680 778 4752 qui
814 4681 880 4734 ab
920 4677 1014 4733 illo
1055 4679 1362 4745 illuminati,
1409 4679 1540 4734 illud
1581 4688 1756 4734 tamen
1797 4682 1958 4735 nosse
1996 4695 2098 4733 non

532 4765 938 4843 permittuntur,
979 4771 1071 4828 sed
1106 4770 1364 4827 docentur
1388 4771 1602 4826 modum
1635 4786 1787 4825 suum
1816 4786 1921 4825 non
1954 4780 2100 4825 tran-

535 4863 812 4927 'scenderc,
837 4862 1071 4931 illudque
1096 4862 1378 4917 audierunt
1403 4902 1418 4926 ,
1461 4860 1584 4915 Non
1608 4866 1677 4915 e‘st
1703 4871 1919 4915 vestrum
1957 4870 2103 4915 nasse

533 4940 757 5020 iempora
782 4953 858 5006 vel
886 4963 1135 5005 momenta
1156 4967 1175 5006 :
1201 4958 1255 5006 et
1283 4960 1338 5006 tu
1359 4947 1652 5006 scrutaris?
1680 4953 1863 5006 Daniel
1884 4953 2099 5022 quidem

533 5042 715 5098 didicit
749 5051 982 5110 tempora
1009 5052 1064 5098 et
1091 5051 1357 5097 momenta
1384 5044 1635 5099 novisse:
1676 5057 1799 5098 nam
1844 5043 1951 5110 ait,
2000 5044 2101 5099 Se-

538 5133 802 5204 ptuaginta
838 5134 1168 5190 hebdomadas
1200 5126 1497 5190 abbreiiiata:
1519 5145 1635 5189 sunt
1661 5153 1813 5205 super
1861 5137 2103 5208 populum

537 5216 696 5276 iuum.
732 5221 778 5274 Α
797 5220 942 5275 uerbo
966 5222 1157 5276 dierum
1181 5227 1341 5279 exitus
1364 5266 1378 5290 ,
1416 5233 1471 5277 ut
1503 5224 1781 5295 ludiﬁcetur
1818 5225 2057 5294 templum
2081 5243 2101 5289 ;

536 5300 867 5368 hebdomades
890 5316 1098 5380 septem,
1126 5322 1171 5366 et
1202 5314 1534 5368 hebdomades
1561 5317 1820 5386 sexaginta
1850 5326 1894 5369 et
1919 5318 2034 5369 dare
2053 5329 2101 5370 et

534 5400 633 5461 ima
650 5407 668 5477 (
678 5406 866 5462 Dan.9.
882 5406 1000 5475 24).
1016 5405 1091 5459 En
1109 5405 1193 5460 hic
1214 5416 1449 5476 tempora
1462 5408 1698 5463 ediscere
1712 5409 1899 5478 potuit;
1915 5424 2098 5463 verum

527 5496 590 5551 ex
616 5497 703 5551 illa
729 5506 1023 5567 temporum
1046 5496 1252 5551 ratione
1267 5496 1536 5552 heminam
1554 5498 1824 5553 audaciam
1845 5499 2097 5563 refrenat,

530 5586 588 5639 ut
612 5586 818 5641 discant
839 5601 916 5652 se,
940 5585 983 5640 si
1012 5585 1125 5640 haec
1150 5591 1389 5654 tempora
1404 5588 1640 5643 ediscere
1662 5604 1765 5644 non
1785 5590 2099 5658 permittan-

531 5685 633 5739 tur,
663 5678 828 5731 multo
856 5676 1030 5731 minus
1056 5676 1250 5732 debere
1277 5676 1506 5732 divinam
1525 5683 1920 5750 generationem
1947 5699 2065 5738 seru
2083 5715 2100 5725 -

535 5764 657 5819 tari;
700 5764 816 5819 Non
839 5775 906 5821 est
936 5777 1143 5822 vestrum
1159 5782 1302 5824 nosse
1317 5777 1539 5837 tempora
1572 5771 1650 5826 vel
1678 5784 1947 5841 momenta,
1988 5791 2100 5844 qua:

1184 380 1237 456 ἓ.
1275 398 1549 456 somnus
1584 372 2056 452 cunvsoSth
2094 372 2405 451 sitcum.
2447 384 2976 456 coxsran’nuor.

3639 378 3727 456 ise

2175 507 2333 563 Pater
2360 511 2528 579 posuit
2554 510 2606 563 in
2631 526 2724 564 sua
2750 519 3006 580 potestate.
3028 510 3238 581 Ergone
3258 510 3427 567 Filius
3445 527 3554 568 nou
3573 516 3733 581 posuit

2173 602 2225 655 in
2255 617 2349 657 sua
2374 610 2666 671 potestate;
2704 602 2798 657 sed
2838 604 2888 657 in
2919 612 3174 672 potestate
3202 603 3369 658 Patris
3396 611 3527 659 sunt
3552 607 3731 661 secula

2171 701 2224 745 et
2254 701 2511 761 tempore,
2543 691 2810 763 Filinsque
2835 693 2963 765 nihil
2986 693 3284 747 habetcum
3311 694 3401 747 illo
3427 694 3735 747 commune?

2172 782 2225 835 Si
2248 781 2379 835 nihil
2400 782 2559 837 habet
2578 790 2857 837 commune
2880 782 3046 837 Filius
3065 783 3204 838 circa
3228 793 3492 851 tempora,
3511 791 3741 838 memen-

2174 881 2225 924 ta
2249 881 2302 927 et
2326 873 2539 937 smcula,
2567 873 2821 927 mentitur
2845 872 3039 927 Paulus
3057 887 3175 926 cum
3199 871 3327 927 dicit
3349 890 3363 927 :
3383 870 3455 926 In
3484 873 3742 925 nouissimo

2175 966 2369 1019 dierum
2400 966 2578 1019 horum
2605 966 2839 1035 loquutus
2866 975 2936 1019 est
2963 965 3102 1019 nobis
3131 966 3182 1018 in
3213 964 3370 1031 Filio,
3397 981 3491 1033 per
3513 980 3656 1035 quem
3678 965 3744 1033 {e-

2174 1057 2314 1109 citet
2342 1056 2527 1110 necata
2556 1055 2574 1125 (
2599 1054 2729 1109 Ileb.
2774 1056 2825 1109 1.
2871 1058 2917 1109 1.
2953 1055 2989 1107 2
3015 1057 3053 1124 ).
3085 1055 3139 1110 Si
3163 1055 3483 1109 surculorum
3511 1054 3744 1108 conditor

2176 1146 2343 1202 Filius
2363 1188 2380 1215 ,
2411 1162 2538 1217 ergo
2568 1147 2657 1201 illa
2695 1146 2746 1200 in
2790 1146 2903 1218 ejus
2941 1154 3203 1216 potestate
3230 1157 3352 1200 sunt
3377 1164 3391 1200 :
3422 1155 3481 1201 et
3523 1146 3651 1201 illud
3674 1156 3746 1200 est

2176 1240 2314 1308 quod
2355 1240 2429 1292 ait.
2468 1234 2664 1294 Paulus
2686 1278 2700 1301 ,
2736 1238 2871 1301 Quos
2901 1237 3054 1292 I’ater
3077 1238 3241 1307 posuit
3277 1238 3330 1291 in
3355 1253 3452 1291 sua
3494 1245 3745 1305 potestate.

2178 1328 2501 1384 Potestatem
2527 1340 2655 1398 ergo
2683 1329 2853 1383 Patris
2877 1339 3031 1383 vocat
3056 1328 3278 1395 Filium,
3306 1326 3746 1398 quemadmodum

2176 1432 2227 1475 et
2256 1421 2503 1475 virtutem
2534 1428 2587 1475 et
2614 1421 2950 1489 sapientiam.
2979 1417 3205 1474 Christus
3234 1423 3366 1475 enim
3395 1419 3497 1475 Dei
3528 1421 3681 1474 virtus
3706 1420 3749 1472 el

2180 1510 2273 1565 Dei
2298 1512 2543 1583 sapientia
2572 1511 2650 1582 (1.
2678 1510 2794 1563 (ἴον.
2823 1513 2870 1565 1.
2901 1510 3017 1580 24).

2251 1602 2338 1658 15.
2382 1601 2504 1656 Non
2546 1611 2620 1657 est
2658 1612 2871 1656 vestrum
2906 1617 3049 1655 nosse
3092 1611 3316 1669 tempora
3360 1602 3435 1655 rel
3477 1611 3743 1667 momenta,-

2180 1695 2267 1749 sed
2299 1694 2557 1764 accipietis
2589 1694 2821 1747 virtutem
2851 1693 3239 1760 supervenientis
3273 1695 3432 1747 sancti
3458 1693 3684 1763 Spiritus
3703 1694 3748 1747 iit

2181 1796 2266 1840 vas
2296 1784 2431 1857 (Act.
2464 1786 2514 1838 1.
2542 1784 2594 1838 7.
2619 1782 2696 1852 8).
2743 1784 3024 1851 Accipictis
3063 1784 3308 1837 virtutem
3328 1824 3343 1849 ,
3386 1799 3499 1837 non
3529 1794 3589 1837 ut
3612 1791 3753 1838 scrué

2184 1875 2366 1929 temini
2390 1884 2624 1943 tempora
2646 1872 2729 1927 vel
2756 1881 3043 1933 momenta,
3065 1873 3158 1927 sed
3189 1882 3245 1928 ut
3263 1872 3495 1927 credatis
3520 1873 3752 1927 Domino:

2186 1965 2253 2020 Et
2280 1966 2419 2019 eritis
2459 1965 2582 2018 mihi
2620 1973 2765 2016 testes
2790 1964 2840 2016 in
2867 1963 3148 2016 Jerusalem
3182 1972 3227 2018 et
3254 1964 3305 2017 in
3341 1981 3478 2017 amnt
3512 1964 3692 2017 Judtea
3713 1970 3754 2018 et

2187 2059 2445 2123 Samaria,
2483 2068 2530 2111 et
2558 2074 2713 2127 usque
2737 2055 2804 2110 ad
2824 2057 3089 2111 terminum
3121 2066 3283 2112 terrm.
3308 2055 3387 2112 Ne
3415 2057 3654 2110 metiaris
3678 2071 3754 2109 or-

2186 2150 2363 2204 dinem
2414 2148 2733 2212 verborum,
2787 2144 2880 2202 sed
2934 2148 3259 2202 auctoritatis
3301 2148 3613 2217 potentiam.
3668 2145 3755 2199 Hic

2186 2239 2355 2304 dixit,
2393 2237 2681 2292 Prasdicate
2707 2237 2899 2306 ubique
2932 2253 2946 2291 :
2987 2237 3110 2290 illud
3141 2246 3454 2306 potestatem
3480 2237 3598 2306 ejus
3625 2236 3753 2290 iudi-

2188 2338 2292 2396 cat,
2323 2329 2365 2384 si
2395 2328 2556 2383 verba
2588 2329 2661 2382 rei
2697 2330 2868 2382 exitus
2900 2334 3169 2398 sequatur.
3220 2328 3441 2382 Possum
3465 2338 3533 2383 et‘
3546 2344 3643 2398 ego
3664 2336 3752 2381 att--~

2188 2420 2432 2475 ctoritale
2468 2430 2524 2474 et
2557 2418 2853 2489 arrogantia
2891 2426 3051 2482 nsus,
3094 2417 3427 2471 adstantibus
3472 2417 3557 2472 vel
3586 2417 3753 2471 dome-

2190 2511 2337 2567 sticis
2365 2513 2546 2580 paucis
2586 2511 2666 2564 vel
2703 2509 2955 2564 fratribus
2975 2509 2992 2540 ¹
3016 2508 3195 2563 dicere
3224 2525 3238 2563 :
3270 2507 3671 2562 Proﬁciscimini
3695 2507 3752 2561 ad

2191 2612 2395 2673 gentes,
2420 2608 2475 2659 et
2497 2618 2684 2658 onmes
2703 2602 2911 2667 docete,
2932 2616 3115 2655 omnes
3144 2601 3456 2666 convertite,
3496 2600 3749 2657 barbaros

2192 2693 2417 2748 occidite
2438 2735 2452 2757 ,
2503 2701 2721 2747 cunctos
2769 2692 2991 2762 imperio
3034 2691 3376 2745 adversantes
3405 2689 3668 2744 concidite
3692 2690 3751 2740 ἐ

2194 2786 2354 2841 verba
2376 2786 2630 2855 prodeunt
2657 2802 2672 2851 ;
2701 2784 2793 2839 sed
2818 2786 2860 2838 si
2890 2794 3035 2854 chta
3065 2784 3176 2852 ipsa
3195 2798 3298 2837 non
3325 2793 3633 2852 sequantur,
3661 2794 3752 2833 non

2197 2877 2356 2932 mede
2384 2876 2610 2931 mendax
2634 2876 3021 2951 deprehendor,
3051 2875 3143 2930 sed
3170 2876 3330 2931 etiam
3352 2885 3408 2928 ut
3436 2889 3686 2944 arrogans
3706 2881 3753 2926 et

2199 2969 2510 3022 temerarius
2547 2968 2757 3037 punior.
2813 2966 3195 3021 Examlnentur
3222 2981 3348 3036 ergo
3374 2966 3536 3020 verba
3577 2965 3753 3020 Serva-

2198 3061 2347 3123 toris,
2380 3076 2483 3114 non
2513 3075 2577 3114 ex
2601 3060 2664 3113 iis
2687 3077 2803 3128 quae
2828 3059 2980 3125 dixit,
3012 3058 3105 3113 sed
3131 3060 3287 3113 etiam
3319 3074 3383 3112 ex
3418 3060 3486 3113 iis
3507 3075 3626 3129 qua:
3655 3073 3753 3126 per-

2200 3148 2342 3205 fecit.
2390 3151 2556 3213 Dixit,
2596 3147 2780 3203 Dobete
2808 3165 2976 3203 omnes
3002 3158 3168 3220 gentes
3197 3148 3410 3215 (Matth.
3439 3148 3538 3203 28.
3573 3148 3659 3213 19)
3682 3164 3695 3210 ;
3719 3144 3754 3199 si

2199 3241 2395 3296 dictum
2416 3238 2548 3294 illud
2571 3254 2672 3293 non
2702 3240 2752 3292 in
2781 3253 2913 3308 opus
2933 3239 3142 3304 exierit,
3173 3238 3296 3291 illud
3318 3239 3618 3308 arrogantia
3637 3244 3752 3298 erat,

2200 3341 2255 3387 at
2278 3336 2383 3386 nan
2413 3332 2699 3385 auctoritas
2725 3329 2923 3383 divina.
2975 3329 3146 3396 Dixit,
3189 3329 3487 3384 Prmdicate
3515 3343 3676 3397 usque
3701 3326 3755 3378 ad

2202 3423 2484 3478 terminum
2526 3428 2679 3476 terra:
2708 3438 2722 3475 :
2754 3419 2797 3474 si
2839 3420 2955 3488 quis
2992 3420 3069 3477 sit.
3102 3420 3356 3473 terminus
3382 3419 3461 3473 vel
3511 3428 3756 3473 extremus

2202 3516 2379 3576 terrm,
2407 3512 2495 3582 qui
2525 3510 2910 3579 praedicationis
2933 3525 3120 3579 expers
3147 3507 3320 3570 fuerit,
3352 3510 3625 3577 pnedictio
3646 3507 3755 3560 falsa

2203 3617 2286 3664 est
2314 3628 2327 3663 :
2356 3609 2398 3663 si
2440 3618 2613 3662 autem
2643 3621 2731 3660 res
2771 3606 2897 3676 ipsa!
2924 3606 3040 3673 plus
3065 3612 3220 3674 quam
3251 3603 3409 3657 verba
3437 3601 3755 3672 splendeant,

2203 3712 2419 3754 veraces
2438 3705 2562 3752 sunt
2590 3698 2771 3762 testes,
2802 3703 2959 3749 verax
2987 3695 3074 3749 ille
3096 3695 3181 3748 cui
3207 3693 3568 3748 testimonium
3598 3690 3757 3761 perhi-

2202 3789 2347 3843 bent.
2382 3787 2449 3841 Et
2474 3804 2588 3841 cum
2621 3788 2727 3840 haec
2758 3786 2990 3847 dixisset,
3023 3778 3300 3838 uidentibus
3325 3782 3427 3837 illis
3458 3784 3675 3836 eleuatus
3698 3787 3758 3831 est

2204 3878 2340 3949 (Act.
2374 3879 2424 3933 1.
2453 3880 2533 3948 9).
2582 3876 2796 3931 Poterat
2833 3890 2936 3929 non
2963 3875 3135 3943 palam
3160 3872 3483 3937 ascendere;
3522 3871 3613 3927 sed
3639 3869 3757 3924 sicut

2207 3977 2367 4023 testes
2393 3966 2796 4022 resurrectionis
2825 3965 3006 4019 habuit
3034 3963 3216 4018 oculos
3243 3962 3619 4032 discipulorum
3638 4000 3653 4025 ,
3692 3956 3758 4011 sic

2204 4058 2258 4115 et
2296 4059 2440 4127 ipsos
2466 4056 2702 4111 oculatos
2734 4054 3108 4123 assumptionis
3136 4061 3298 4107 testes
3335 4052 3628 4105 constituit.
3682 4044 3756 4099 γε.

2205 4142 2435 4203 dentibus
2463 4138 2567 4202 illis
2600 4148 2818 4201 eleuatus
2849 4151 2918 4200 est
2944 4145 3055 4215 (a);
3106 4136 3168 4196 ab
3204 4144 3267 4197 iis
3309 4142 3540 4196 sublatus
3582 4147 3680 4203 est,
3718 4141 3756 4187 et

2205 4236 2455 4311 ferebatur
2478 4240 2530 4292 in
2553 4238 2732 4292 etclam
2755 4278 2769 4301 ,
2800 4248 2845 4291 et
2869 4236 3021 4289 nubes
3042 4234 3257 4304 suscepit
3282 4249 3394 4286 eum
3421 4247 3440 4286 :
3463 4244 3666 4300 eumque
3684 4227 3751 4279 in-

2208 4341 2462 4386 tuerentur
2494 4331 2548 4383 in
2594 4329 2771 4383 etclam
2809 4337 3005 4381 euntem
3050 4326 3194 4379 illum
3235 4324 3411 4394 (Ibid.
3442 4333 3489 4378 et
3531 4322 3647 4376 Luc.
3674 4317 3748 4372 21.

2207 4424 2296 4486 5|;
2328 4423 2436 4475 Act.
2466 4422 2515 4475 1.
2560 4418 2672 4490 10),
2699 4426 3014 4486 assumptus,
3049 4416 3285 4471 elevatus
3312 4424 3394 4469 est
3413 4457 3428 4479 ,
3462 4426 3660 4468 sursum
3689 4407 3751 4462 fe-

2206 4513 2458 4577 rebatur,
2508 4519 2564 4565 et
2599 4506 2871 4579 ingressus
2913 4514 2994 4562 est
3025 4525 3036 4559 :
3070 4504 3188 4559 Non
3233 4508 3364 4559 enim
3390 4506 3444 4556 in
3489 4500 3751 4570 manufacta

2205 4607 2381 4657 sancta
2419 4603 2673 4671 ingressus
2702 4610 2773 4652 est
2809 4598 2959 4652 Iesus
2983 4640 2998 4662 ,
3043 4597 3131 4650 sed
3167 4597 3219 4647 in
3258 4595 3425 4662 ipsum
3468 4594 3670 4652 cretum,
3705 4595 3750 4639 ut

2205 4702 2468 4764 appareret
2489 4707 2661 4745 coram
2688 4688 2797 4743 Deo
2823 4687 3004 4758 (Hebr.
3035 4686 3088 4741 9.
3116 4682 3230 4755 21).
3253 4684 3361 4737 Nec
3380 4683 3549 4737 solum
3576 4682 3750 4748 ingres-

2205 4801 2297 4840 sus
2327 4794 2428 4850 est,
2455 4783 2547 4837 sed
2579 4783 2739 4837 etiam
2773 4779 3071 4849 penetravit
3100 4795 3113 4830 :
3145 4788 3267 4830 nam
3296 4775 3370 4841 ait
3399 4774 3624 4828 Paulus:
3656 4767 3749 4822 Ila-

2206 4875 2372 4929 bentes
2396 4873 2682 4944 pontiﬁcem
2708 4884 2964 4941 magnum,
2991 4869 3076 4937 qui
3106 4866 3377 4935 penetravit
3403 4865 3569 4927 ca'los,
3599 4860 3749 4915 Iesum

2206 4964 2362 5036 (Heb.
2388 4964 2443 5018 4.
2486 4962 2596 5033 Li).
2647 4960 2929 5025 Ascendit,
2969 4958 3128 5020 adiit,
3159 4962 3462 5024 assumptus
3501 4964 3610 5016 est,
3651 4949 3743 5010 ivit.

2207 5053 2522 5125 penetravit.
2571 5050 2965 5105 Animadverte.
2994 5046 3244 5101 Aecendit
3278 5045 3432 5114 quasi
3464 5049 3747 5125 potestatem

2206 5124 2410 5200 habens
2434 5184 2448 5205 ,
2476 5147 2535 5197 ut
2570 5141 2879 5209 impleretur
2904 5138 3173 5208 prephetas
3195 5134 3467 5189 oraculum
3497 5150 3511 5186 :
3541 5124 3748 5185 Ascendit

2210 5238 2346 5292 Deus
2364 5238 2417 5291 in
2439 5236 2763 5306 jubilatione.
2792 5233 2888 5288 llic
2919 5232 3172 5302 propheta
3199 5238 3437 5299 apertam
3462 5228 3606 5281 affert
3629 5220 3742 5306 ﬁdu-

2205 5332 2363 5385 ciam.
2412 5298 2649 5383 Ᾱεεεηάίι
2685 5325 2823 5380 Deus
2854 5298 3429 5395 in-jubilationewsal.
3451 5319 3536 5374 te.
3563 5318 3634 5386 6).
3672 5298 3746 5364 Αι-

2271 5422 2290 5469 !
2324 5427 2374 5469 In
2396 5417 2507 5468 Cod.
2532 5415 2647 5467 1417
2667 5417 2737 5465 sic
2758 5415 2982 5472 habetur,
3006 5412 3173 5476 paucis
3191 5410 3487 5462 adstantibus
3508 5395 3741 5457 domestici!

2203 5487 2249 5532 et
2267 5478 2587 5603 {fﬁeréliiiiiin
2609 5538 2720 5587 Cod.
2748 5535 2888 5596 1186,
2926 5533 2969 5587 si
3004 5530 3086 5597 qui
3108 5535 3438 5589 adversentur,
3458 5542 3534 5580 eos
3562 5538 3589 5574 a
3624 5527 3743 5579 reg?”

2204 5601 2585 5655 meoexelndite.
3560 5649 3571 5655 .
3676 5654 3681 5655 ,
3714 5637 3721 5655 ε

2354 5649 2445 5712 ilic
2468 5649 2694 5721 inittegiis
2716 5658 2835 5709 Ξορὸ
2860 5665 2909 5727 et
2938 5658 3060 5707 2030
3084 5663 3158 5706 est
3196 5649 3741 5727 assumentttmnlgtﬂf‘:

2356 5701 3056 5786 Eiliéiidivé‘ﬁgidaaﬁtj
3082 5701 3481 5780 dissignata
3518 5701 3740 5757 metallum

2203 5790 2340 5853 Sapit.
