4044 6380
359 367 473 430 780

360 496 521 552 tollite
543 508 713 567 partes
736 542 750 559 ,
795 499 1044 570 principes
1064 543 1078 567 ,
1107 510 1292 554 vestras
1310 544 1326 567 ,
1368 511 1413 555 et
1436 502 1694 554 elevamin‘i
1719 542 1735 565 ,
1776 510 1935 568 parite

358 592 626 644 reternales
644 632 659 656 ,
691 602 736 644 et
760 593 980 646 introibit
1003 592 1114 646 Rea:
1144 595 1318 663 gloria’
1348 592 1515 665 (Psal.
1539 594 1627 646 25.
1656 594 1705 645 7.
1734 595 1810 661 8).
1840 591 1934 645 ln-

361 678 580 735 lroibt’t:
621 681 743 736 Non
785 685 918 736 enim
958 685 1011 738 in
1046 687 1334 754 manufacta
1371 694 1546 738 ‘sancta
1588 686 1841 753 ingressus
1866 693 1937 737 est

357 775 395 827 ,Ι
403 793 551 837 esus;
578 777 666 829 sed
693 777 747 829 in
779 779 943 846 ipsum
973 777 1150 831 etclam
1198 774 1379 850 (Hebr.
1408 778 1461 833 9.
1485 774 1579 843 24)
1617 779 1938 848 ingredietur

356 864 475 920 Rex
502 868 703 937 glorias.
752 868 869 922 Duo
894 869 1106 923 demum
1142 867 1274 922 facta
1299 876 1423 922 sunt
1454 886 1464 921 :
1495 869 1934 938 quemadmodum

355 961 504 1013 enim
554 959 823 1028 obstupuit
854 969 991 1014 terra
1028 975 1146 1014 cum
1188 961 1319 1014 vidit
1342 960 1676 1014 Servatorem
1714 976 1938 1028 corpore

356 1050 602 1103 indutum
629 1068 643 1113 ;
672 1059 725 1104 et
762 1052 898 1105 sicut
932 1066 1051 1104 cum
1083 1060 1391 1105 extraneum
1420 1061 1473 1105 et
1493 1053 1725 1120 ignotum
1756 1068 1939 1121 quem-

357 1139 506 1206 piam
531 1139 768 1192 videmus
789 1180 806 1206 ,
842 1140 1073 1194 solemus
1096 1140 1290 1207 dicere,
1320 1141 1447 1206 Quis
1468 1141 1553 1195 hic
1577 1143 1694 1195 est?
1723 1142 1789 1197 de
1814 1151 1939 1196 noto

364 1230 566 1297 quippe
609 1245 766 1282 nemo
813 1230 1154 1284 sciscitatur:
1187 1231 1265 1284 sic
1311 1231 1468 1284 etiam
1510 1240 1649 1284 terra
1687 1230 1937 1285 Servato-

357 1332 480 1373 rem
511 1319 693 1374 videns
738 1320 915 1373 divina
966 1322 1160 1374 virtute
1200 1321 1514 1390 praeditum,
1567 1321 1842 1389 ventisque
1885 1329 1941 1374 et

357 1411 500 1464 mari
546 1411 930 1480 imperantem,
982 1412 1151 1465 dicit:
1197 1412 1320 1477 Quis
1367 1423 1440 1464 est
1489 1413 1602 1476 hic,
1650 1412 1769 1481 quia
1807 1412 1940 1464 venti

358 1511 415 1554 et
451 1518 589 1556 mare
628 1501 862 1556 obediunt
891 1504 938 1557 ei
969 1501 1179 1575 (Matth.
1210 1504 1261 1558 8.
1295 1504 1432 1571 9.7)?
1485 1503 1937 1570 Quemadmodum

352 1593 546 1662 itaque
586 1592 969 1662 obstupescens
1005 1602 1142 1646 terra
1187 1593 1448 1646 clamabat
1489 1610 1501 1646 :
1536 1592 1658 1658 Quis
1697 1601 1769 1645 est
1813 1592 1941 1645 hic?

358 1681 445 1734 sic
470 1690 523 1735 et
542 1676 725 1736 caelum
753 1683 1151 1752 obstupescens,
1173 1681 1313 1751 quod
1349 1678 1400 1736 in
1423 1697 1581 1737 carne
1605 1681 1937 1736 divinitatem

357 1782 626 1838 cerneret,
659 1773 786 1828 dicit
810 1792 821 1824 :
858 1774 978 1840 Quis
1006 1784 1075 1828 est
1104 1775 1196 1829 iste
1222 1774 1331 1828 Rea:
1353 1774 1529 1844 gloria:
1550 1773 1718 1846 (Psal.
1741 1775 1829 1827 '25.
1850 1774 1939 1844 8)?

440 1864 528 1919 16.
558 1865 624 1918 Et
648 1864 765 1918 vide
795 1865 942 1928 mi'hi,
972 1881 1171 1935 quzrso,
1204 1881 1314 1939 rem
1345 1866 1660 1920 mirabilem.
1693 1864 1938 1920 Salvator

356 1956 530 2018 'venit,
556 1957 876 2026 veniensque
896 1957 1146 2027 Spiritum
1166 1966 1405 2012 sanctum
1432 1959 1625 2023 attulit,
1647 1956 1939 2011 ascendens

356 2059 559 2114 carpas
588 2055 825 2101 sanctum
856 2049 1056 2113 retulit,
1103 2057 1159 2101 ut
1201 2047 1351 2101 daret
1393 2047 1590 2101 mundo
1623 2049 1810 2118 pignus
1851 2061 1939 2099 sa-

357 2135 508 2197 lutis,
534 2134 761 2205 Spiritus
788 2137 953 2189 sancti
989 2137 1257 2190 virtutem.
1291 2137 1496 2190 Rursus
1531 2136 1701 2190 eidem
1743 2136 1941 2190 mundo

358 2234 606 2280 sanctum
637 2241 829 2295 corpus
857 2227 1039 2280 salutis
1068 2227 1256 2303 pigpus
1281 2241 1399 2281 esse
1421 2226 1562 2280 dicat
1582 2226 1937 2281 Christianus.

357 2316 500 2369 Cum
529 2315 630 2370 hoc
649 2316 788 2381 dico,
821 2325 873 2370 et
903 2329 954 2371 te
983 2316 1100 2371 dico
1122 2326 1172 2370 et
1212 2331 1633 2385 unamquamque
1661 2330 1939 2385 personam

357 2404 739 2460 Christianam.
766 2407 876 2476 Ego
901 2406 1233 2460 Christianus
1254 2421 1370 2461 sum
1397 2415 1451 2460 et
1474 2407 1566 2460 Dei
1597 2422 1712 2460 sum
1739 2424 1751 2459 :
1775 2421 1940 2476 quare

359 2498 508 2552 huc?
542 2498 796 2567 Spiritum
837 2508 1075 2553 sanctum
1117 2500 1182 2552 de
1223 2499 1357 2552 caelo
1391 2498 1715 2552 descendens
1748 2497 1935 2552 habeo.

360 2587 462 2641 Vis
505 2587 649 2642 aliud
688 2589 978 2643 indicium?
1016 2589 1206 2656 Accepi
1250 2588 1504 2656 Spiritum
1553 2589 1646 2642 Dei
1689 2588 1756 2641 de
1786 2589 1936 2651 etelo,

367 2680 565 2750 pignus
594 2694 768 2733 meum
798 2679 967 2734 habeo
992 2688 1220 2733 certum.
1257 2678 1529 2744 Quodnam
1561 2679 1780 2747 pignus?
1809 2678 1865 2732 ϐ’
1889 2692 1941 2731 ι’-

358 2786 465 2843 pus
495 2770 607 2840 ejus
630 2786 838 2826 sursum
863 2782 972 2837 est;
1000 2771 1227 2840 Spiritus
1247 2771 1360 2839 ejus
1387 2771 1638 2824 deorsum
1660 2768 1797 2839 apud
1820 2784 1935 2822 nos.

360 2862 676 2924 Dubitasne,
710 2860 979 2927 bmretice,
1011 2876 1108 2915 nos
1148 2875 1268 2915 esse
1295 2860 1424 2914 Dei?
1454 2859 1632 2914 Genus
1662 2874 1823 2911 unum
1865 2857 1940 2910 fa-

357 2962 508 3009 ctum
533 2962 617 3006 est
654 2952 745 3007 Dei
773 2962 931 3022 atque
976 2952 1265 3006 hominum.
1308 2949 1761 3019 Quemadmodum
1797 2951 1937 3004 enim

356 3051 644 3112 separatas
665 3050 844 3111 partes
868 3041 1039 3111 jungit
1062 3043 1326 3111 cognatio,
1352 3050 1405 3095 et
1434 3041 1496 3106 is,
1523 3042 1609 3111 qui
1639 3042 1938 3111 quempiam

359 3148 475 3188 non
501 3134 666 3198 novit,
709 3148 772 3188 ex
821 3134 975 3187 unius
1016 3134 1118 3187 viri
1157 3148 1277 3187 cum
1322 3134 1548 3187 muliere
1572 3133 1941 3202 conjunctione

359 3223 501 3278 duas
528 3223 750 3277 familias
780 3231 916 3276 totas
939 3223 1151 3292 c0pulat
1174 3223 1242 3276 ita
1271 3231 1322 3275 ut
1355 3222 1442 3275 ille
1462 3222 1829 3284 consobrinus,
1853 3222 1941 3277 ille

355 3313 655 3368 avunculus
680 3315 1062 3366 constituatur:
1094 3312 1171 3365 sic
1190 3310 1401 3366 Christo
1426 3326 1639 3366 carnem
1669 3327 1944 3366 assumen-

360 3413 441 3470 te,
474 3418 567 3474 per
593 3419 807 3457 carnem
837 3412 943 3457 tota
974 3403 1233 3469 Ecclesia,
1265 3402 1461 3458 Christi
1499 3414 1719 3473 cognata
1754 3403 1939 3458 effecta

357 3504 451 3549 est
480 3509 496 3547 :
524 3485 716 3548 Paulus
752 3503 835 3549 est
874 3493 1068 3548 Christi
1105 3502 1380 3562 cognatus,
1424 3492 1611 3547 Petrus
1645 3494 1792 3557 item,
1821 3511 1941 3548 om-

358 3584 554 3652 nisque
575 3583 765 3651 ﬁdelis,
793 3598 891 3636 nos
910 3597 1115 3649 omnes,
1144 3583 1315 3650 quivis
1342 3582 1478 3650 pius.
1511 3582 1633 3635 Ideo
1653 3582 1779 3636 dicit
1798 3583 1941 3636 Pau-

360 3673 471 3738 lus,
501 3671 667 3726 Genus
699 3689 816 3742 ergo
844 3688 957 3724 cum
983 3673 1138 3726 simus
1178 3670 1270 3724 Dei
1291 3670 1423 3739 (Act.
1467 3672 1553 3725 17.
1595 3671 1710 3739 29).
1745 3676 1810 3724 At
1841 3672 1938 3725 etsi

356 3763 528 3817 sciam
555 3778 656 3832 qua
704 3771 881 3818 mente
920 3763 970 3817 id
1016 3763 1213 3817 dictum
1258 3764 1345 3826 sit,
1390 3777 1493 3816 non
1526 3764 1577 3817 in
1619 3778 1782 3833 scopo
1810 3764 1937 3819 mihi

357 3863 468 3919 est,
497 3864 657 3909 totam
686 3855 809 3909 dicti
861 3856 1120 3909 rationem
1165 3865 1217 3908 et
1259 3869 1474 3909 sensum
1505 3855 1814 3925 explorare;
1844 3857 1938 3911 sed

360 3945 417 3998 id
447 3944 617 3998 solum
645 3944 837 4010 dicam,
866 3945 1081 3998 Paulum
1109 3959 1275 4013 genus
1305 3945 1431 3998 illud
1463 3945 1691 3998 ﬁrmare.
1726 3944 1787 3998 Et
1813 3945 1938 3999 alibi

357 4050 573 4089 rursum
597 4051 614 4090 :
642 4034 752 4088 Nos
771 4051 942 4088 sumus
956 4048 1139 4104 corpus
1155 4033 1359 4097 Christi,
1386 4043 1433 4088 et
1459 4036 1679 4088 ntembra
1695 4051 1757 4088 ea:
1777 4045 1933 4104 parte,

357 4138 428 4176 ea:
455 4138 603 4175 carne
626 4124 735 4192 ejus
759 4122 833 4194 (1.
863 4121 979 4176 Cor.
1004 4123 1092 4176 12.
1120 4122 1234 4192 27).
1266 4123 1477 4177 Scilicet
1497 4134 1711 4193 propter
1725 4141 1937 4179 carnem

358 4230 525 4283 quam
552 4216 837 4284 assumpsit
860 4215 1071 4285 cognati
1108 4214 1223 4284 ejus
1260 4230 1462 4270 sumus.
1491 4215 1754 4270 Habemus
1784 4217 1940 4285 igitur

363 4307 558 4377 pignus
584 4306 701 4377 ejus
726 4321 959 4371 sursum,
1007 4307 1254 4361 nimirum
1283 4321 1475 4375 corpus
1510 4307 1649 4376 quod
1679 4322 1742 4361 ex
1786 4308 1938 4362 nobis

356 4399 678 4466 assumpsit;
702 4407 755 4450 et
785 4396 835 4448 in
862 4404 998 4449 terra
1021 4396 1272 4464 Spiritum
1291 4403 1527 4449 sanctum
1550 4396 1839 4450 nobiscmn.
1871 4396 1940 4450 Et

357 4488 487 4543 vide
514 4503 626 4543 rem
663 4486 985 4552 mirabilem;
1015 4503 1120 4540 non
1156 4488 1275 4540 dico
1300 4486 1439 4555 quod
1465 4486 1691 4554 Spiritus
1717 4486 1941 4541 descen-

357 4579 502 4635 derit
528 4579 595 4633 de
618 4579 772 4641 czelo,
799 4587 851 4632 et
888 4592 992 4630 non
1038 4577 1172 4630 ultra
1200 4577 1270 4631 sit
1298 4577 1349 4628 in
1390 4576 1540 4639 caelo,
1569 4583 1622 4629 et
1649 4577 1789 4645 quod
1824 4592 1941 4630 mu-

357 4672 488 4727 tatis
512 4669 744 4731 sedibus.
774 4682 967 4738 corpus
983 4668 1191 4733 caelum,
1215 4668 1442 4737 Spiritus
1472 4675 1663 4721 terram
1694 4676 1935 4738 occupet;

357 4761 461 4817 sed
492 4760 630 4831 quod
656 4759 881 4828 Spiritus
905 4759 975 4812 sit
1014 4759 1307 4822 nobiseum,
1354 4766 1406 4811 et
1431 4758 1643 4827 ubique,
1673 4766 1727 4813 et
1754 4758 1806 4811 in
1832 4773 1939 4811 cae-

358 4853 457 4907 lo:
490 4866 632 4918 nam,
663 4851 780 4918 Quo
799 4850 900 4916 ibo,
920 4850 1105 4919 inquit,
1138 4848 1670 4921 aSpiritutuo(Psal.
1703 4850 1823 4904 1‘58.
1857 4849 1939 4920 7)?

358 4943 569 5014 Ecquid
610 4942 818 4996 miraris
843 4941 887 4996 si
932 4942 1158 5011 Spiritus
1203 4943 1271 4995 sit
1309 4941 1583 4996 nobiscum
1614 4950 1670 4996 et
1705 4956 1936 5006 sursum,

359 5032 582 5103 quando
608 5031 770 5086 etiam
800 5045 996 5099 corpus
1017 5029 1213 5085 Christi
1252 5038 1335 5085 est
1367 5039 1420 5084 et
1442 5046 1649 5085 sursum
1678 5039 1728 5085 et
1760 5031 1940 5085 nobis-

356 5122 523 5177 cum?
552 5121 744 5176 llahuit
766 5120 950 5174 caelum
976 5130 1216 5175 sanctum
1231 5135 1452 5189 corpus;
1480 5123 1711 5189 suscepit
1730 5132 1782 5175 et
1801 5131 1940 5176 terra

357 5222 602 5269 sanctum
626 5211 915 5280 Spiritum;
947 5211 1088 5264 venit
1126 5210 1369 5265 Christus
1394 5219 1448 5265 et
1488 5212 1662 5265 attulit
1685 5211 1937 5280 Spiritum

358 5314 627 5369 sanctum,
647 5303 890 5358 ascendit
913 5301 1153 5356 Christus
1181 5312 1233 5356 et
1264 5302 1443 5355 retulit
1469 5310 1708 5356 nostrum
1724 5315 1937 5371 corpus.

360 5388 663 5464 Videreque
686 5401 798 5447 erat
828 5390 1107 5458 imaginem
1145 5390 1331 5443 Adami
1365 5391 1416 5443 in
1462 5391 1705 5458 sepulcro
1755 5392 1939 5444 innua-

361 5497 498 5552 tam,
523 5502 629 5539 non
668 5484 805 5538 ultra
846 5497 966 5536 cum
1003 5480 1203 5551 angelis
1246 5489 1610 5548 apparentem,
1639 5481 1732 5536 sed
1778 5495 1939 5548 super

354 5576 581 5644 angelos
599 5589 718 5628 cum
747 5572 856 5626 Deo
881 5570 1173 5635 sedentem,
1204 5579 1262 5622 ut
1301 5578 1355 5623 et
1385 5585 1481 5623 nos
1509 5570 1624 5637 ejus
1648 5586 1807 5638 opera
1840 5570 1936 5639 ipsi

356 5666 739 5724 assideremus.
767 5662 811 5715 Ο
834 5659 1158 5714 tremendam
1182 5668 1236 5713 et
1256 5658 1569 5726 stupendam
1588 5658 1938 5728 dispensatio-

363 5756 524 5815 nem!
554 5771 588 5810 o
617 5767 862 5823 magnum
885 5766 1062 5820 regem
1092 5765 1185 5819 per
1212 5750 1386 5804 omnia
1425 5764 1693 5821 magnum,
1724 5750 1793 5804 ita
1824 5766 1933 5804 ma-

1068 386 1134 439 lN
1173 382 1729 441 ASCENSIONEMD.
1771 386 1834 439 Ν.
1876 384 1927 440 J.
1967 386 2025 441 C.
2072 378 2159 441 ΕΤ
2189 387 2255 441 ΙΝ
2295 386 2579 446 PRINCIP.
2610 391 2765 446 ACT.
2806 392 2871 446 ῐῐ.

3510 397 3614 453 τειο

2047 515 2230 569 gnum,
2259 502 2491 572 inquam,
2516 513 2569 559 et
2598 505 2891 559 mirabilem
2914 508 2928 561 !
2951 507 3123 575 Atque
3146 516 3201 561 ut
3226 509 3299 562 ait
3324 504 3615 578 propheta:

2042 591 2259 646 Domine
2297 592 2543 649 Dominus
2571 606 2771 661 noster,
2817 614 2967 668 quam
3011 598 3308 653 admirabile
3345 611 3415 653 est
3440 617 3621 654 nomen

2044 691 2186 736 tuum
2212 684 2266 737 in
2294 685 2524 738 universa
2564 687 2993 755 terralquoniam
3037 689 3224 742 elevata
3262 698 3333 742 est
3380 691 3620 761 magni/i-

2042 775 2205 828 centia
2231 784 2317 828 tua
2340 793 2491 846 super
2517 776 2665 831 stelas
2694 777 2860 848 (I’sal.
2885 779 2937 833 8.
2968 779 3046 849 2).
3081 781 3296 835 Elevata
3325 791 3404 834 est
3429 780 3622 834 divini-

2044 871 2161 928 tas;
2192 866 2319 933 ipsis
2358 867 2528 920 verbis
2556 868 2748 921 dicitur
2773 888 2786 925 :
2830 867 3119 923 Videntibus
3147 870 3251 923 illis
3278 869 3502 923 elevatus
3525 879 3617 934 est,

2044 956 2131 1025 qui
2162 958 2448 1011 seCUudum
2481 960 2654 1012 omnia
2687 975 2926 1029 magnus,
2965 977 3184 1030 magnus
3215 961 3371 1024 Deus,
3399 976 3620 1029 magnus

2046 1049 2299 1103 Dominus
2328 1069 2340 1102 :
2373 1050 2594 1120 Magnus
2640 1052 2883 1105 Dominus
2908 1061 2953 1105 et
2979 1051 3248 1105 laudabilis
3269 1053 3415 1106 nimis
3442 1050 3615 1123 (Psal.

2043 1139 2132 1191 47.
2151 1137 2224 1209 2).
2255 1139 2307 1192 Si
2332 1155 2455 1193 vero
2481 1156 2698 1210 magnus
2726 1143 2861 1195 Deus
2883 1151 2937 1196 et
2964 1157 3181 1211 magnus
3202 1142 3475 1206 Dominus,
3501 1156 3618 1195 ma-

2043 1242 2177 1295 gnus
2204 1229 2359 1281 etiam
2388 1245 2478 1283 rex
2519 1239 2601 1283 est
2624 1271 2637 1291 ,
2669 1229 2778 1283 Rea:
2798 1247 3007 1300 magnus
3031 1248 3181 1300 super
3222 1248 3415 1284 omnem
3439 1240 3621 1283 terram

2047 1316 2230 1384 (Ibid).
2258 1317 2453 1371 Montes
2478 1318 2625 1382 Sion,
2661 1320 2816 1372 latera
2843 1321 3114 1388 aquilonis,
3148 1321 3321 1373 civitas
3348 1322 3478 1389 regis
3511 1338 3622 1374 ma-

2045 1421 2129 1475 gm
2162 1405 2265 1476 (Ib.
2291 1422 2335 1457 v.
2372 1402 2445 1475 3).
2492 1407 2708 1475 Magnus
2748 1409 3036 1476 propheta,
3079 1423 3296 1477 magnus
3343 1409 3609 1473 sacerdos,

2046 1506 2292 1563 magnum
2331 1495 2529 1560 lumen,
2560 1497 2847 1550 secundum
2895 1498 3069 1550 omnia
3103 1512 3341 1566 magnus.
3372 1499 3629 1566 Semper-

2046 1603 2148 1656 que
2177 1587 2447 1654 Scriptura
2494 1605 2738 1658 magnum
2767 1589 3051 1657 praedicat;
3086 1598 3139 1642 ut
3168 1603 3285 1641 cum
3327 1589 3517 1641 Paulus
3540 1588 3623 1641 di-

2045 1678 2155 1731 cit:
2184 1676 2360 1748 Magni
2383 1674 2479 1731 Dei
2525 1690 2571 1732 et
2617 1674 2898 1733 Salvatoris
2928 1676 3088 1732 nostri
3127 1678 3253 1733 Jesu
3279 1676 3464 1734 Christi
3496 1677 3619 1750 (Tit.

2044 1768 2097 1822 2.
2134 1767 2258 1841 15);
2286 1769 2727 1839 quemadmodum
2759 1778 2813 1824 et
2840 1771 3000 1823 David
3044 1771 3173 1824 dicit
3210 1788 3223 1823 :
3268 1770 3492 1840 Magnus
3520 1771 3624 1824 Do-

2045 1862 2213 1913 minus
2240 1868 2287 1913 et
2324 1860 2588 1915 laudabilis
2616 1862 2783 1913 nimis.
2835 1860 3052 1928 Magnus
3092 1876 3205 1922 rex,
3237 1874 3458 1929 magnus
3497 1874 3621 1928 pro-

2046 1950 2202 2020 pheta
2233 1970 2247 2005 :
2277 1966 2395 2004 cum
2425 1952 2563 2005 enim
2617 1952 2867 2005 miracula
2913 1951 3094 2005 ederet
3134 1950 3324 2015 Jesus,
3374 1950 3619 2003 dicebant

2048 2040 2216 2093 turba:
2253 2039 2389 2109 vulgi
2425 2058 2438 2092 :
2486 2036 2745 2109 Propheta
2784 2056 2995 2108 magnus
3039 2041 3255 2092 surrexit
3295 2039 3346 2090 in
3372 2038 3532 2103 nobis,
3575 2048 3622 2091 et

2052 2131 2185 2184 Deus
2208 2132 2421 2185 uisitauit
2450 2132 2640 2200 plebem
2668 2148 2810 2184 suam
2847 2130 2996 2199 (Luc.
3044 2132 3095 2183 7.
3144 2130 3253 2201 16).
3312 2130 3423 2183 Non
3464 2129 3623 2183 modo

2046 2231 2219 2275 autem
2247 2221 2537 2275 secundum
2567 2221 2894 2275 divinitatem
2930 2236 3170 2288 magnus,
3213 2220 3305 2275 sed
3333 2220 3489 2273 etiam
3532 2233 3619 2273 se-

2045 2314 2274 2369 cundum
2301 2328 2513 2369 carnem
2542 2333 2556 2368 :
2583 2312 3022 2383 quemadmodum
3045 2313 3186 2366 enim
3211 2312 3352 2365 Deus
3376 2326 3617 2379 magnus,

2046 2405 2298 2458 Dominus
2325 2418 2565 2474 magnus,
2596 2412 2650 2457 et
2676 2419 2769 2457 rex
2801 2417 3021 2472 magnus
3052 2411 3133 2456 est
3173 2400 3460 2455 secundum
3488 2399 3623 2453 divi-

2046 2495 2261 2549 nitatem
2290 2510 2303 2546 :
2337 2494 2405 2547 ita
2448 2508 2631 2546 rursus
2657 2501 2711 2547 et
2740 2507 2958 2562 magnus
2995 2490 3276 2550 sacerdos,
3313 2497 3368 2543 et
3404 2504 3622 2558 magnus

2046 2584 2320 2654 propheta.
2350 2584 2628 2650 Quomodo
2653 2583 2816 2636 illud?
2844 2583 2932 2637 Ait
2976 2583 3168 2636 Paulus
3197 2600 3209 2634 :
3242 2580 3494 2634 Habentes
3519 2581 3621 2632 ita-

2044 2692 2139 2744 que
2161 2676 2445 2745 ponti/icem
2466 2690 2704 2744 magnum
2725 2675 2809 2742 qui
2838 2673 3110 2742 penetravit
3138 2672 3286 2725 (telas
3322 2670 3496 2723 Jesum
3525 2669 3622 2722 Εἰς-

2045 2764 2168 2817 lium
2192 2762 2308 2829 Dei,
2332 2772 2552 2816 tenemus
2575 2763 2935 2832 confessionem
2962 2771 3186 2814 nostram
3207 2759 3388 2832 (Hebr.
3421 2760 3473 2813 4.
3508 2759 3620 2827 14).

2045 2851 2101 2906 Si
2131 2860 2303 2905 autem
2337 2850 2569 2919 pontifex
2599 2866 2818 2918 magnus
2847 2859 2900 2903 et
2931 2849 3187 2918 pr0pheta
3218 2863 3458 2916 magnus,
3490 2863 3616 2901 vere

2048 2942 2275 2997 visitavit
2303 2941 2441 2994 Deus
2478 2940 2681 3008 plebem
2712 2953 2881 3001 suam,
2910 2946 2964 2993 et
2997 2938 3268 2991 suscitavit
3310 2935 3618 3005 prophetam

2047 3047 2297 3101 magnum
2330 3032 2381 3085 in
2411 3031 2590 3085 Israel.
2617 3030 2767 3097 Quod
2791 3030 2834 3083 si
2863 3044 3083 3099 magnus
3105 3038 3186 3082 est
3208 3028 3481 3098 propheta,
3506 3045 3619 3081 ma-

2044 3139 2178 3194 gnus
2207 3122 2484 3185 sacerdos,
2529 3137 2622 3175 rex
2660 3135 2899 3189 magnus,
2940 3120 3026 3173 lux
3071 3120 3229 3172 etiam
3270 3132 3458 3188 magna
3496 3126 3618 3172 est:

2047 3212 2260 3267 Galilata
2281 3212 2523 3282 gentium,
2563 3212 2780 3279 populus
2818 3209 2903 3272 qui
2943 3208 3141 3262 sedebat
3166 3209 3217 3260 in
3245 3208 3475 3274 tenebris,
3502 3208 3620 3260 vidit

2046 3309 2202 3362 lucem
2224 3322 2456 3376 magnam
2487 3303 2634 3371 (lsai.
2666 3302 2719 3356 9.
2751 3303 2802 3356 1.
2837 3300 2893 3371 Ξ)
2920 3318 2934 3365 ;
2980 3300 3087 3355 imo
3127 3309 3179 3353 et
3205 3300 3318 3353 dies
3359 3298 3473 3367 ejus
3512 3314 3621 3352 Ina-

2043 3411 2199 3467 gnus,
2227 3405 2285 3450 ut
2311 3396 2385 3449 ait
2428 3394 2681 3464 propheta
2724 3411 2736 3446 :
2781 3392 3060 3461 Antequam
3102 3390 3263 3444 veniat
3289 3390 3393 3443 dies
3421 3388 3621 3442 Domini

2045 3505 2258 3559 magnus
2286 3498 2333 3540 et
2362 3488 2613 3540 horribilis
2648 3484 2787 3548 (Joel
2822 3483 2878 3536 2.
2907 3480 3019 3550 51).
3066 3481 3196 3535 Cum
3252 3479 3480 3548 undique
3506 3494 3620 3533 ma-

2043 3595 2203 3648 gnum
2227 3577 2409 3632 audias
2439 3585 2493 3631 et
2532 3590 2719 3643 magna
2747 3589 2865 3628 esse
2890 3586 3051 3640 opera
3096 3571 3231 3639 ejus,
3271 3570 3409 3624 unde
3440 3570 3531 3624 tibi
3568 3570 3618 3622 iu

2044 3679 2275 3726 mentem
2296 3669 2459 3733 venit,
2492 3682 2525 3721 ο
2553 3665 2819 3727 hazretice,
2852 3663 3161 3718 scissiouem
3194 3661 3385 3723 facere,
3418 3669 3469 3713 et
3500 3676 3616 3712 ma-

2043 3778 2203 3833 gnum
2248 3762 2394 3815 illum
2445 3758 2726 3813 minuere?
2769 3757 3066 3810 Habeamus
3108 3752 3475 3822 igiturpignus
3499 3752 3619 3803 vitat

2044 3864 2241 3909 nostra:
2282 3853 2334 3906 in
2363 3851 2532 3916 caelo;
2564 3848 2820 3911 assumpti
2862 3860 3045 3901 sumus
3084 3859 3185 3898 una
3227 3858 3345 3897 cum
3384 3840 3615 3895 Christo.

2044 3946 2248 3999 Rursus
2273 3951 2418 3998 certe
2443 3942 2709 4009 rapiemur
2740 3940 2790 3991 in
2819 3936 3065 4000 nubibus,
3095 3936 3138 3990 si
3162 3935 3303 4004 digni
3339 3934 3616 3995 fuerimus,

2043 4036 2130 4106 qui
2163 4036 2233 4088 illi
2260 4034 2311 4087 in
2336 4032 2556 4086 nubibus
2580 4031 2786 4085 obviam
2807 4029 3098 4083 veniamus.
3126 4027 3264 4081 Reus
3283 4041 3385 4080 non
3407 4024 3615 4079 obviam

2043 4127 2187 4181 venit
2208 4124 2392 4195 judici,
2435 4122 2528 4178 sed
2578 4137 2756 4177 coram
2795 4135 2859 4174 eo
2895 4120 3120 4184 sistitur,
3152 4132 3249 4172 nec
3273 4117 3501 4171 occurrit
3539 4116 3615 4170 illi

2045 4233 2313 4288 umquam,
2347 4224 2527 4284 utpote
2551 4214 2638 4284 qui
2666 4213 2839 4267 minus
2867 4211 3056 4265 habeat
3082 4209 3283 4264 ﬁducia:
3332 4208 3616 4262 Precemur

2045 4311 2220 4379 itaque
2243 4317 2296 4363 et
2324 4323 2422 4361 nos
2446 4317 2653 4370 omnes,
2688 4302 2970 4365 carissimi,
3001 4311 3060 4354 nt
3098 4300 3263 4353 sinitis
3302 4314 3364 4355 ex
3394 4311 3616 4354 numero

2044 4414 2228 4455 eorum
2258 4398 2347 4467 qui
2386 4396 2485 4465 ipsi
2515 4394 2721 4449 obviam
2764 4393 2996 4453 venient,
3028 4390 3151 4443 licet
3200 4388 3251 4441 in
3302 4386 3490 4439 minori
3531 4400 3616 4440 or-

2043 4488 2188 4544 dine.
2219 4488 2286 4543 Ut
2308 4487 2447 4541 enim
2476 4483 2511 4537 ii
2542 4486 2630 4553 qui
2663 4482 2770 4553 regi
2798 4488 3106 4544 occurrunt,
3134 4477 3338 4532 etiamsi
3368 4491 3472 4527 non
3502 4489 3614 4527 Olit-

2045 4592 2141 4632 nes
2166 4576 2279 4646 pari
2307 4575 2358 4629 in
2381 4573 2585 4628 honore
2611 4572 2736 4635 sint,
2770 4566 3059 4623 honorifice
3082 4578 3255 4619 tamen
3285 4563 3618 4632 excipiuntur

2043 4667 2110 4721 ab
2130 4680 2195 4721 eo
2228 4683 2241 4719 :
2269 4663 2345 4719 sic
2370 4664 2471 4717 erit
2505 4675 2561 4716 et
2600 4660 2692 4714 illo
2728 4668 2981 4726 tempore.
3020 4654 3201 4724 Neque
3246 4654 3386 4708 enim
3429 4667 3617 4707 omnes

2043 4758 2230 4814 eodem
2269 4753 2479 4811 vivendi
2522 4766 2716 4822 genere
2767 4756 2891 4803 sunt
2938 4747 3060 4801 usi:
3103 4761 3222 4800 nam
3271 4743 3620 4813 Unusquisque

2045 4848 2319 4903 mercedem
2347 4861 2489 4900 suam
2521 4843 2752 4911 accipiet,
2800 4839 3073 4894 secundum
3115 4837 3375 4906 praprium
3399 4835 3617 4888 laborem

2045 4943 2122 5013 (1.
2149 4939 2268 4996 Cor.
2292 4941 2344 4994 5.
2373 4938 2448 5003 8).
2489 4937 2783 5003 Numquam
2824 4933 3001 5000 itaque
3047 4928 3361 4999 impediatur
3398 4926 3618 4981 verbum

2045 5031 2273 5096 Christi;
2305 5030 2397 5084 sed
2436 5042 2556 5082 eum
2584 5027 2803 5078 veritate
2830 5022 3075 5076 ﬁduciam
3119 5019 3408 5075 habeamus
3432 5032 3618 5071 omnes

2045 5124 2097 5176 in
2128 5122 2345 5175 caritate
2367 5116 2585 5179 Christi,
2632 5114 2883 5183 pepulum
2932 5121 3226 5179 pascentes,
3255 5110 3459 5161 animas
3499 5106 3619 5159 irri-

2042 5223 2247 5282 gantes,
2274 5208 2464 5263 animis
2490 5205 2679 5267 divisi,
2724 5202 2815 5257 sed
2845 5200 3248 5271 cogitationibus
3294 5212 3397 5252 non
3441 5195 3613 5249 divisi.

2045 5301 2195 5356 Pacis
2227 5299 2471 5353 inimicus
2512 5295 2742 5365 judicem
2788 5293 2964 5345 habet.
3000 5291 3066 5344 Et
3104 5288 3373 5360 quoniam,
3406 5285 3614 5346 fratres,

2045 5388 2345 5444 hominibus
2395 5385 2608 5456 quidem
2646 5382 2821 5436 verbis
2868 5379 3262 5450 persuademus,
3303 5378 3408 5430 Deo
3439 5385 3613 5427 autent

2046 5482 2177 5534 tales
2207 5479 2464 5541 videmur,
2506 5476 2687 5545 quales
2729 5489 2931 5538 sumus,
2972 5470 3119 5526 testis
3161 5475 3242 5523 est
3289 5467 3376 5522 ille
3420 5465 3639 5534 cogita»

2045 5573 2243 5626 tionum
2279 5571 2570 5638 inSpector,
2604 5567 2690 5634 qui
2723 5564 2980 5618 rationem
3027 5567 3230 5629 repetet
3267 5556 3421 5613 abiis
3447 5554 3611 5607 ninni-

2043 5661 2141 5714 hus
2162 5662 2251 5730 qui
2279 5656 2550 5713 mendacia
2572 5656 2874 5723 loquentur,
2906 5667 3002 5706 nos
3025 5664 3306 5717 numquam
3347 5646 3490 5715 pacis
3517 5645 3611 5697 iui-

2051 5753 2218 5805 tuieos
2246 5763 2365 5804 esse
2397 5762 2493 5803 nec
2524 5745 2773 5810 voluisse,
2806 5759 2905 5798 nec
2933 5742 3085 5796 hodie
3110 5739 3263 5792 velle.
3292 5737 3419 5792 Nam
3448 5734 3493 5789 si
3512 5748 3611 5802 pa-
