4044 6376
482 350 586 407 .791

483 477 597 516 cent
627 457 1035 529 perdiderimus,
1056 456 1250 512 inimici
1271 455 1472 513 erimus
1491 468 1674 512 eorum
1695 454 1784 526 qui
1812 468 1843 508 a
1863 452 2074 510 Christo

483 552 783 606 audierunt.
823 548 943 605 Pax
967 549 1124 604 vobis.
1152 549 1346 603 Verum
1377 546 1518 618 quod
1544 562 1726 617 pacem
1752 546 2000 612 velimus,
2022 551 2078 600 et

484 658 757 711 curemus,
791 652 845 699 et
868 642 1330 711 concupiscamus,
1359 641 1508 696 testis
1549 640 1639 696 ille
1667 640 1756 711 qui
1794 638 1972 705 novit;
2010 638 2079 694 de

485 734 707 804 reliquis
737 732 1049 788 tacebimus.
1093 731 1225 786 Nam
1266 731 1359 802 qui
1395 731 1737 800 prmminrum
1774 731 2079 799 largitorem

486 832 759 893 exspectat
794 823 983 888 Deum,
1025 822 1090 877 ad
1120 837 1180 878 se
1208 822 1540 894 purgandum
1570 838 1676 877 non
1704 822 2081 877 contumeliam

489 914 681 970 inferet
704 929 939 985 superno
959 914 1037 969 illi
1068 914 1337 971 tribunali.
1363 914 1548 970 Potest
1568 913 1706 969 Deus
1722 927 1905 983 pacem
1926 912 2081 975 dare,

1879 1159 2925 1191 2m

497 1166 2038 1195 W*W*

814 1178 1589 1191 ————-————._
1598 1182 2038 1191 ’Μ’-..-

814 1178 1873 1191 _———-——u_——v—-————

2018 334 2290 395 SPURIA.
3643 336 3727 394 792

2180 463 2364 521 pacem
2407 447 2644 515 ﬁrmare,
2677 461 2861 517 pacem
2890 444 3186 505 decernere
3229 448 3368 503 inter
3396 448 3734 518 praedicaturus

2180 548 2234 597 et
2261 539 2551 606 auditores,
2586 541 2723 595 inter
2747 540 2995 595 doctores
3020 552 3075 595 et
3103 538 3415 610 discipulos,
3447 548 3505 593 ut
3534 556 3620 608 per
3636 556 3733 595 out-

2183 634 2267 688 nia
2290 649 2321 687 a
2348 647 2476 703 pace
2500 632 2628 696 orsi,
2657 640 2711 687 et
2739 633 2792 687 in
2819 647 2947 703 pace
2971 632 3208 687 medium
3234 632 3597 703 transigentes,
3623 643 3670 688 et
3694 635 3739 688 in

2186 741 2316 796 pace
2370 733 2771 795 perseverantes
2798 765 2814 790 ,
2864 726 2970 778 Deo
3001 724 3147 795 pacis
3189 723 3410 793 gloriam
3447 723 3741 789 referamus,

2188 818 2332 874 Patri
2356 827 2409 874 et
2430 817 2564 873 Filio
2590 826 2645 871 et
2672 816 2890 888 Spiritui
2915 823 3122 884 sancto,
3144 831 3289 871 nunc
3310 824 3366 872 et
3386 830 3609 885 semper,
3630 825 3676 869 et
3700 817 3744 870 in

2188 908 2380 1002 saecula
2407 908 2748 962 smeulorum.
2782 910 2972 961 Amen.

2931 1164 3722 1195 ω

1748 1336 2486 1499 SPURIA.

1844 1839 1982 1917 [776
1989 1844 2006 1916 J
2037 1838 2412 1900 uomunt.

565 2006 713 2062 Inter
732 2006 947 2077 spurias
970 2004 1096 2078 jure
1150 2007 1409 2077 ablegatus
1439 2018 1568 2064 sunt
1614 2008 1700 2064 hae
1747 2009 1992 2079 quinque
2031 2008 2281 2064 llomiliae
2315 2009 2365 2061 in
2426 2006 2867 2077 Assumptlonem
2926 2003 3165 2070 Domini.
3216 2019 3452 2076 quarum
3514 2014 3728 2077 quatuor

494 2100 708 2170 priores
737 2114 768 2154 a
795 2099 1018 2155 Morello
1034 2100 1323 2170 publicatae
1354 2109 1484 2156 sunt
1508 2099 1680 2156 Tomo
1711 2100 1761 2166 6,
1808 2099 1998 2170 quinta
2024 2115 2199 2170 eaque
2228 2097 2550 2154 brevissima
2590 2098 2732 2169 apud
2770 2095 3034 2153 Savilium
3075 2098 3328 2152 habetur.
3361 2097 3469 2165 Qui
3509 2098 3730 2153 Savilius

493 2193 656 2247 etiam
691 2203 920 2262 excepta
955 2195 1132 2262 prima
1151 2193 1286 2248 alias
1317 2208 1509 2248 omnes
1530 2193 1718 2249 edidit.
1748 2194 1825 2247 Ex
1848 2208 2078 2248 numero
2097 2200 2278 2245 autem
2308 2190 2563 2245 videntur
2584 2204 2909 2246 esseeorum
2949 2188 3137 2259 viginti
3179 2189 3349 2244 duum
3380 2190 3625 2245 brevium
3654 2191 3729 2242 λό-

493 2299 608 2350 γων
641 2283 694 2336 in
726 2285 1194 2354 Assumptionem,
1219 2300 1361 2353 quos
1395 2286 2034 2342 commemoratPhotius
2062 2286 2117 2342 in
2148 2285 2406 2341 Biblioth.
2442 2284 2578 2340 Cod.
2605 2285 2697 2341 25.

568 2374 800 2430 Homilia
849 2376 1023 2446 prima
1059 2377 1218 2432 nobis
1258 2377 1902 2448 Chrysostomoiudigna
1938 2378 2152 2434 videtur
2183 2392 2305 2433 esse
2337 2392 2351 2430 :
2384 2378 2474 2434 hic
2527 2379 2673 2434 enim
2713 2382 2946 2451 scriptor
2983 2380 3410 2452 ἀπροσδιόνυσος
3441 2378 3513 2434 ab
3538 2376 3639 2429 alio
3669 2373 3730 2427 ad

493 2465 642 2521 aliud
676 2466 856 2536 inepte
879 2468 1120 2525 excurrit
1149 2485 1162 2521 :
1196 2469 1394 2522 namin
1418 2468 1741 2523 brevissima
1776 2467 2025 2523 oratione
2061 2468 2130 2522 ab
2173 2467 2567 2539 Assumptione
2616 2469 2834 2526 Domini
2871 2487 3055 2538 orsus,
3075 2472 3146 2527 ab
3182 2472 3286 2525 hoc
3315 2476 3642 2540 argumento
3668 2465 3727 2519 ad

495 2562 641 2617 aliud
679 2563 898 2629 transit,
934 2578 1127 2634 nempe
1174 2563 1240 2618 ad
1275 2563 1572 2632 apostolus,
1597 2563 1662 2617 ad
1697 2563 1927 2619 Paulum
1954 2563 2193 2619 maxime
2227 2582 2242 2619 :
2273 2579 2339 2618 ex
2370 2565 2603 2634 abrupto
2636 2572 2816 2621 autem
2853 2567 2918 2622 ad
2948 2568 3160 2636 alapam
3207 2566 3365 2635 jussu
3400 2564 3624 2618 Anania:
3653 2576 3730 2614 sa-

495 2653 776 2708 cerdotum
812 2654 1075 2724 principis
1105 2654 1273 2709 Paulo
1302 2654 1583 2710 incussam
1610 2653 1977 2725 progreditur,
2008 2660 2063 2709 et
2090 2655 2249 2724 quasi
2271 2654 2472 2724 prioris
2506 2656 2741 2711 instituti
2780 2657 3003 2720 oblitus,
3027 2656 3118 2711 hic
3146 2654 3299 2709 Pauli
3338 2653 3532 2708 laudes
3565 2650 3731 2703 multis

495 2750 755 2805 celebrat.
785 2748 959 2805 Voces
990 2764 1152 2819 porro
1186 2756 1470 2817 usurpata
1489 2748 1887 2819 Chrysostomo
1916 2748 2001 2802 vel
2024 2762 2307 2817 nunquam
2341 2748 2425 2802 vel
2470 2763 2662 2817 parum
2686 2749 3074 2819 frequentatas,
3102 2757 3160 2802 ut
3188 2745 3553 2809 ὲκονδύλιζον,
3578 2744 3727 2796 inter-

493 2846 762 2916 ficiebant,
829 2842 1103 2914 πλῆκτρον
1163 2841 1260 2911 τῆς
1321 2839 1488 2911 ζωῆς,
1540 2841 1796 2908 plectrum
1855 2840 2001 2905 vim,
2052 2853 2115 2906 ep

2188 2847 2331 2892 ieton
2384 2836 2574 2902 Pauli;
2628 2838 3065 2909 θεοκλητοῦντες,
3118 2837 3284 2892 Deum
3331 2838 3733 2899 invocantes;et

489 2936 596 2991 alia
647 2933 699 2988 id
741 2947 932 3005 genus,
975 2948 1098 3002 qua:
1151 2931 1305 3002 plura
1344 2930 1585 3001 proferre
1619 2944 1937 3001 possemus,
1987 2929 2091 2983 nisi
2111 2929 2224 2998 jam
2261 2937 2535 2984 constaret
2561 2930 2664 2986 hoc
2690 2931 3015 3001 opusculum
3052 2945 3163 2984 non
3186 2944 3306 2984 esse
3336 2925 3724 2999 Chrysostomi;

563 3026 734 3081 Paulo
773 3025 1017 3081 melioris
1039 3034 1180 3080 notae
1217 3033 1302 3080 est
1334 3025 1559 3079 homilia
1587 3025 1825 3080 secunda
1857 3043 1871 3079 :
1911 3023 2005 3078 sed
2034 3039 2156 3093 quae
2182 3032 2360 3077 tamen
2397 3038 2505 3077 non
2533 3032 2720 3079 careat
2776 3024 3088 3095 suspicione
3118 3022 3329 3086 νοθείας
3359 3040 3372 3076 :
3418 3038 3544 3076 nam
3573 3022 3731 3075 liben-

494 3129 579 3175 ter
626 3118 950 3174 crediderim
997 3132 1120 3172 esse
1159 3126 1442 3171 centonem
1494 3133 1558 3172 ex
1598 3119 1763 3172 variis
1819 3116 2191 3187 Chrysostomi
2241 3117 2374 3171 locis
2431 3117 2892 3173 consarcinatum.
2933 3117 2994 3172 lu
3032 3116 3279 3171 Etlitione
3330 3123 3519 3168 autem
3560 3111 3728 3168 Savilii

494 3209 723 3263 habetur
755 3206 928 3261 Tomo
958 3207 1011 3271 5,
1046 3220 1099 3275 p.
1140 3205 1266 3271 973,
1307 3205 1345 3259 l.
1387 3207 1476 3272 37,
1512 3215 1565 3262 et
1609 3207 1896 3262 consuitur
1931 3220 2054 3262 cum
2109 3208 2275 3263 altera
2303 3207 2372 3263 de
2411 3208 2748 3264 Ascensione
2782 3209 3005 3264 homilia
3039 3206 3361 3263 brevissima
3390 3246 3407 3272 ,
3461 3202 3733 3260 manifeste

495 3300 706 3368 spuria,
730 3313 893 3369 quam
917 3307 1250 3367 postremam
1283 3300 1524 3353 omnium
1550 3298 2340 3355 deAscensionehomiliarum
2374 3298 2517 3354 inira
2548 3300 2840 3357 referimus
2888 3319 2904 3356 :
2936 3300 2990 3355 in
3035 3298 3222 3355 multis
3243 3305 3429 3353 autem
3468 3297 3659 3360 variat,
3685 3302 3733 3349 et

493 3395 698 3462 aliquot
719 3393 770 3446 in
803 3393 937 3447 locis
962 3409 1069 3448 non
1105 3392 1451 3449 mediocriter
1478 3392 1548 3449 ab
1569 3392 1671 3449 hac
1699 3394 1767 3450 de
1792 3411 1898 3464 qua
1929 3395 2139 3465 agimus
2159 3396 2453 3466 discrepat.
2485 3395 2639 3451 Unde
2661 3396 2864 3466 liqueat
2889 3395 3032 3451 hanc
3054 3395 3330 3450 homiliam
3362 3394 3539 3450 fuisse
3563 3392 3723 3447 diver-

491 3504 678 3544 sorum
709 3487 963 3545 manibus
1014 3497 1322 3546 tractatam.
1374 3490 1510 3546 Esse
1547 3490 1731 3560 itaque
1761 3500 2046 3545 centonem
2091 3489 2364 3559 suspicor,
2412 3499 2473 3546 ut
2499 3490 2636 3555 dixi,
2668 3490 2837 3545 variis
2865 3504 2931 3544 ex
2980 3488 3355 3561 Chrysostomi
3400 3487 3539 3544 locis
3582 3486 3726 3541 adora

492 3750 3715 3778 mmo—ﬂ

1599 3963 1721 4051 IN
1821 3958 2649 4077 ASCENSIONEM

1338 4214 1570 4263 DOMINI
1622 4218 1845 4262 NOSTRI
1879 4218 2027 4262 JESU
2070 4219 2349 4275 CHRISTI,
2398 4220 2608 4262 SERMO
2652 4214 2905 4265 PBIUUS.

566 4630 690 4688 Tria
711 4650 925 4707 summe
947 4634 1256 4690 admiranda
1288 4646 1447 4706 atque
1476 4637 1736 4707 stupenda
1767 4678 1782 4703 ,
1819 4638 2077 4707 tempori-

495 4703 595 4777 bus
615 4705 845 4777 antiquis
872 4706 1046 4776 ignota
1075 4748 1090 4770 ,
1130 4703 1384 4775 superant
1409 4703 1622 4777 quidem
1654 4720 1857 4763 natura:
1882 4703 2080 4763 nostra:

494 4773 658 4854 vires,
687 4773 797 4843 ipsa
813 4773 1002 4854 tamen
1034 4773 1254 4854 infracta
1287 4773 1601 4854 permanent
1631 4788 1690 4854 et
1711 4779 1965 4854 immota:
1999 4778 2082 4831 fu-

496 4843 706 4919 niculus
742 4847 883 4900 enim
939 4848 1129 4918 triplex
1175 4843 1303 4902 nnn'
1330 4849 1482 4903 facile
1523 4852 1802 4919 rumpitur.
1838 4851 1911 4904 Ea
1957 4864 2085 4904 vero

494 4922 620 4989 sunt
647 4931 661 4967 :
692 4916 924 4989 innupta:
957 4916 1141 4974 matris
1181 4921 1370 4975 Partus
1403 4961 1416 4984 ,
1460 4936 1524 4974 ex
1558 4916 1797 4975 triduana
1835 4919 2085 4989 passione

495 4980 877 5060 Resurrecud,
924 4991 1205 5060 carnisque
1254 4991 1306 5043 in
1358 4980 1549 5045 ea‘lum
1598 4980 1878 5047 Ascensio.
1927 4990 2084 5045 Novit

497 5064 707 5135 tempus
733 5058 942 5135 steriles
971 5058 1265 5135 peperisse.
1298 5061 1391 5116 sed
1437 5077 1539 5115 non
1568 5062 1768 5135 absque
1806 5063 2083 5135 matrimo-

497 5124 619 5201 nialt
641 5124 1013 5201 conjunctione
1028 5124 1276 5201 {agnovit
1300 5141 1541 5186 mnrtuos
1561 5133 1627 5186 ad
1650 5124 1809 5186 vitam
1838 5133 2081 5194 rediisse,

494 5195 589 5249 sed
622 5212 727 5250 non
758 5198 822 5252 ad
848 5195 1225 5267 sempiternam
1256 5219 1270 5267 ;
1295 5203 1510 5272 agnovit
1539 5205 1849 5272 prophetam
1873 5218 2084 5257 assmu-

496 5274 644 5344 ptum
687 5283 828 5344 esse,
862 5272 954 5324 sed
978 5279 1262 5344 _tamquam
1296 5274 1346 5326 iu
1373 5275 1558 5344 cadum
1586 5291 1601 5329 :
1635 5283 1901 5344 tamquam
1938 5315 1951 5331 .
1982 5272 2085 5326 hnc

494 5342 607 5414 est,
653 5355 757 5393 non
802 5340 853 5414 iu
898 5340 1096 5414 cat-lum
1128 5340 1332 5397 verum.
1364 5343 1636 5414 Siquidem
1685 5340 1863 5400 Helias
1909 5348 2085 5398 locum

494 5405 615 5481 loco
638 5413 860 5481 mutavit
887 5427 901 5464 :
933 5419 989 5464 at
1012 5412 1260 5466 Salvator
1289 5405 1527 5469 ascendit
1552 5457 1565 5477 ,
1602 5416 1741 5469 unde
1766 5415 2082 5481 descendit,

493 5479 679 5554 multis
698 5482 1183 5554 contemplantibus
1205 5483 1330 5536 viris
1353 5494 1508 5552 atque
1530 5485 1864 5550 mulieribus,
1883 5479 2084 5554 quuusé

494 5562 602 5628 qua
630 5550 1057 5628 innaltumﬁisus
1085 5550 1439 5628 imbecillitas
1463 5555 1587 5628 ferri
1636 5560 1804 5628 potuit
1835 5598 1851 5624 ,
1881 5550 2087 5626 angelis

502 5619 635 5694 ipsis
684 5621 841 5694 ﬁdem
895 5624 1019 5678 huic
1068 5624 1378 5692 spectaculo
1432 5619 1791 5694 pra-bentibus
1818 5619 1846 5692 ,⁷
1888 5619 2085 5680 secun-

498 5684 731 5757 dumque
756 5692 947 5748 Christi
978 5684 1265 5750 adventum
1303 5684 1911 5765 pracﬁuntiantibustt
1942 5710 2077 5759 ecce,

2188 4637 2378 4707 inquit,
2406 4639 2507 4691 duo
2526 4639 2619 4693 viri
2643 4638 2943 4707 adstiterant
2958 4706 2961 4707 ν
2961 4638 3116 4705 juxta
3141 4635 3257 4707 illos
3287 4635 3339 4688 in
3364 4632 3599 4707 restibus
3616 4629 3753 4707 albis.

2187 4703 2277 4778 qui
2297 4707 2792 4778 elidixeruutaViri
2844 4703 3047 4760 Galilwi
3070 4747 3086 4773 ,
3127 4705 3250 4774 quid
3297 4705 3440 4760 statis
3482 4703 3760 4778 aspicientes

2186 4773 2240 4852 in
2269 4777 2487 4852 cadunt?
2516 4777 2617 4852 llic
2643 4777 2813 4839 Jews,
2836 4778 2923 4852 qui
2951 4773 3253 4852 assumptus
3276 4784 3348 4852 est
3379 4793 3412 4826 a
3451 4773 3590 4828 vobis
3611 4773 3660 4824 in
3682 4780 3756 4847 σῳ·

2188 4850 2295 4902 lum
2315 4890 2327 4910 .
2367 4849 2440 4902 sic
2478 4851 2637 4903 ueniet
2656 4890 2671 4914 ,
2701 4846 3125 4916 quemadmodum
3153 4846 3346 4899 vidistis
3373 4862 3485 4899 eunt
3511 4852 3761 4916 etmtemm

2186 4920 2369 4993 cretum
2396 4919 2543 4993 (Act.
2578 4911 2749 4993 1.;10.
2781 4921 2842 4993 ll
2875 4918 2916 4989 ).
2946 4918 2991 4972 0
3018 4926 3212 4993 quanta
3235 4915 3641 4993 benignissimus
3671 4911 3783 4993 llo:-

2189 4992 2365 5045 minus
2392 4976 2607 5060 propter
2635 4976 2904 5060 improbos
2932 4976 3117 5043 servos
3148 4987 3244 5060 ,iu
3277 4976 3503 5060 salutent
3512 4981 3714 5060 peregit
3740 4976 3752 5029 Ξ

2187 5053 2462 5115 descendit
2487 5053 2517 5115 ὁ
2544 5053 2785 5123 αηιίδξὶιι
2803 5061 2966 5115 cmlns
2982 5053 3239 5121 ascendit,
3262 5057 3396 5111 etde
3412 5053 3555 5110 exiis
3584 5053 3751 5105 iterum

2190 5141 2450 5185 venturus
2470 5143 2587 5187 est:
2619 5131 2712 5186 sed
2743 5145 2849 5200 quo
2870 5142 3026 5201 pacto
3051 5128 3347 5201 venturus?
3388 5125 3501 5201 Non
3527 5124 3624 5201 alia
3645 5134 3752 5201 qur

2187 5202 2308 5272 dem
2335 5213 2605 5272 assumpta
2629 5192 2886 5272 persona,
2899 5200 2994 5272 sed
3020 5204 3070 5253 in
3100 5198 3268 5253 forma
3293 5197 3489 5257 carnis,
3509 5203 3564 5248 et
3591 5192 3752 5268 habitu

2187 5271 2458 5338 humano;
2491 5270 2596 5327 non
2622 5282 2795 5327 tamen
2829 5270 3050 5324 humilia
3089 5285 3251 5337 agens
3281 5277 3339 5321 ut
3364 5275 3548 5338 antea,
3575 5276 3673 5338 npt}
3700 5275 3747 5338 κη’

2189 5358 2323 5398 nave
2349 5327 2619 5398 dormiens
2650 5384 2667 5408 ,
2701 5357 2807 5395 non
2837 5341 2903 5393 ad
2936 5327 3151 5408 puteum
3182 5339 3298 5393 suis
3341 5327 3742 5408 molestialabo-

2188 5429 2337 5479 rans,
2366 5429 2541 5482 neque
2566 5403 2726 5482 super
2751 5403 2953 5481 pullum
2975 5412 3139 5482 asina:
3165 5409 3380 5473 sedens,
3396 5407 3486 5461 sed
3510 5403 3742 5482 pullontt-

2188 5486 2270 5541 his
2296 5470 2518 5550 vectus;
2548 5470 2654 5540 non
2685 5470 2977 5552 piscatores
3001 5481 3272 5535 adducens
3291 5519 3316 5554 ,Α
3339 5470 3522 5554 verum
3555 5470 3747 5554 aug???

2190 5534 2925 5622 'éditiiiaili"sini.{ius';
2954 5534 3087 5605 im
3122 5561 3249 5622 ante
3293 5534 3489 5622 'judicis
3539 5534 3741 5598 tribunal

2189 5629 2510 5682 constitutus
2540 5667 2555 5693 ,
2583 5626 2677 5681 sed
2720 5620 2834 5693 ipse
2860 5622 3106 5692 judicans
3135 5620 3267 5693 ﬁnes
3295 5620 3441 5693 orbis
3463 5626 3740 5693 terrarum.

2189 5681 2425 5768 ipsisque
2451 5681 2802 5767 piscatoribus
2820 5681 3136 5763 potestatem
3152 5688 3481 5760 judiciariam
3505 5681 3739 5757 ραι-ιη’ηεὶ
