4044 6376
326 381 473 436 793-

364 503 774 559 uemadmodum
801 511 855 557 et
892 501 1007 571 ipse
1026 501 1181 558 docet
1209 542 1226 569 ,
1255 502 1321 557 ad
1357 501 1650 570 discipulos
1678 500 1866 556 dicens
1890 518 1903 553 :

364 521 774 559 uemaumouutn
801 521 855 557 et.
892 521 1007 571 Ipse
1026 521 1181 558 uocet
1209 542 1226 569 ,
1255 521 1321 557 au
1357 521 1650 570 uisetpmos
1678 521 1866 556 urceus
1890 521 1903 553 :

319 521 452 628 gum
477 575 660 629 sederit
688 572 736 627 F
737 572 855 627 ilius
867 573 1081 627 hominis
1100 574 1151 626 in
1170 572 1287 626 sede
1308 573 1584 641 majestatis
1609 587 1734 633 suae,
1762 573 1907 625 sede-

319 645 439 698 bitis
468 655 513 698 et
542 660 627 714 vos
661 660 812 714 super
834 643 975 697 sedes
995 641 1260 714 duodecim
1290 685 1304 707 ,
1324 643 1617 714 judicautes
1644 642 1908 714 duodecim

322 716 484 769 tribus
535 713 701 785 Israel
724 710 748 785 ⁷(
772 714 963 769 Matth.
988 713 1074 769 19.
1100 714 1172 768 ‘28
1204 714 1257 783 );
1285 710 1352 767 ad
1393 712 1606 785 Judreos
1646 728 1783 785 vero
1806 730 1823 785 :
1846 710 1909 785 Si

319 796 493 839 autem
521 787 574 838 in
600 784 878 838 Beelzebub
924 800 1014 854 ego
1053 785 1200 854 ejicio
1231 784 1482 837 daemonia
1513 826 1526 848 ,
1557 784 1652 851 ﬁlii
1677 784 1825 854 vestri
1853 784 1906 854 in

315 873 421 927 quo
441 857 651 927 ejiciunt
672 855 698 908 .9
717 853 980 927 propterea
1007 853 1102 923 ipsi
1111 854 1312 926 judices
1335 856 1493 927 uestri
1513 864 1658 908 erunt
1690 853 1903 925 (Matth.

315 924 410 980 1‘2.
443 924 547 996 ΞΤ)
579 942 593 979 :
623 926 1048 996 quandoquidem
1076 924 1195 978 cum
1234 940 1297 979 ex
1327 924 1524 996 iud-.cis
1554 924 1770 996 essent,
1801 939 1904 977 non

315 992 601 1064 sapiebant
628 1012 691 1050 ea
719 1012 837 1065 qua!
857 992 1161 1049 Iuda-orum
1186 1006 1339 1048 erant
1367 1036 1381 1059 ,
1429 995 1524 1049 scd
1551 992 1746 1048 ChriSIi
1783 1009 1908 1062 sup‘

308 1068 474 1137 plicia
509 1108 524 1129 ,
558 1067 778 1134 ejusque
803 1068 1044 1137 stigmata
1076 1065 1314 1133 cognatis
1344 1067 1454 1118 suis
1482 1065 1906 1137 interfecwribus

320 1134 535 1191 Domini
564 1134 926 1205 pra-tulerunt.
944 1136 1074 1191 Rem
1107 1151 1348 1203 magnam
1374 1145 1528 1204 atque
1556 1134 1921 1203 stupendaml

317 1204 633 1261 inusitatum
658 1208 842 1276 jnilicii
886 1207 1093 1275 genus?
1124 1207 1442 1273 piscatorem
1491 1208 1732 1275 aspicere
1758 1204 1903 1273 judi-

313 1286 551 1341 canlem,
583 1288 636 1331 et
665 1277 985 1331 Phariszeum
1013 1276 1233 1343 judicari
1257 1293 1270 1341 ;
1301 1276 1762 1330 tabernaculorum
1791 1276 1909 1344 opi-

315 1347 823 1402 ﬁcemconﬁdenter
850 1347 1124 1401 sedentem
1151 1389 1164 1409 ,
1193 1357 1248 1400 et
1276 1362 1541 1402 summum
1571 1345 1902 1400 sacerdotem

311 1431 441 1471 cum
469 1418 711 1486 suspiriis
735 1417 991 1485 judicium
1018 1417 1355 1470 subeuntem.
1386 1417 1492 1471 Cur
1515 1418 1656 1471 enim
1681 1417 1905 1470 Domino

313 1487 375 1540 in
404 1489 588 1542 faciem
612 1490 792 1555 alapas
823 1490 1158 1556 impegerunt
1181 1530 1195 1551 ,
1226 1497 1490 1556 caputque
1513 1489 1856 1540 verberarunt
1884 1528 1898 1546 ,

313 1567 374 1611 et
390 1558 603 1613 demum
628 1558 881 1613 heredem
903 1558 1073 1623 ipsum
1102 1568 1248 1612 extra
1269 1561 1476 1612 vineam
1504 1556 1906 1611 interfecerunt?

312 1642 422 1682 cur
466 1628 679 1683 Petrum
719 1629 784 1681 ad
833 1642 1101 1683 carcerem
1158 1639 1426 1681 traxerunt
1461 1671 1475 1691 ,
1520 1628 1685 1682 Paulo
1726 1638 1900 1682 autem

313 1700 721 1768 quadragenas,
752 1715 854 1752 una
881 1698 1074 1764 minus,
1104 1698 1282 1768 plagas
1310 1699 1613 1752 inllixerunt
1639 1698 1662 1749 ἰ)
1691 1698 1827 1765 Quin
1852 1707 1905 1752 et

311 1769 661 1822 admirandus
689 1770 825 1836 apud
867 1783 961 1822 eos
1007 1770 1252 1838 princeps
1290 1770 1624 1822 sacerdotum
1670 1769 1903 1822 Ananias

311 1841 575 1907 praecepit
589 1838 917 1893 adstantibus
936 1839 1036 1893 sibi
1055 1840 1311 1894 ministris
1334 1850 1609 1907 percutere
1626 1853 1688 1891 os
1714 1838 1862 1891 Pauli
1887 1856 1899 1891 :

310 1923 382 1961 os
402 1910 522 1962 dico
549 1909 718 1972 Pauli,
752 1925 813 1963 Os
839 1911 1042 1979 gratim,
1077 1925 1138 1963 os
1168 1909 1704 1978 veritatis,plectrttm
1733 1909 1852 1961 vita:
1885 1950 1900 1973 ,

312 1979 462 2047 quod
493 1980 677 2048 quavis
705 1980 826 2034 tuba
850 1979 1217 2034 vehementius
1233 1989 1467 2044 resonat,
1492 1991 1545 2034 et
1572 1994 1902 2049 quacumque

310 2048 594 2103 harmooia
620 2052 1000 2120 consonantius
1022 2063 1098 2104 est
1121 2068 1135 2104 :
1162 2065 1441 2120 organum,
1466 2048 1678 2119 inquam
1700 2091 1715 2115 ,
1744 2049 1901 2103 Chri—

308 2121 384 2172 sti
413 2160 427 2181 ,
460 2133 522 2173 ac
554 2122 777 2174 listulam
819 2119 1049 2188 Spiritus
1078 2119 1268 2175 sancti.
1298 2121 1426 2187 Quae
1452 2123 1593 2175 enim
1621 2122 1732 2173 visa
1780 2128 1905 2173 sunt

308 2188 536 2261 Spiritui
567 2200 771 2257 sancto,
807 2191 999 2244 Paulus
1024 2191 1199 2261 lingua
1220 2207 1314 2245 sua
1338 2192 1650 2261 publicavit:
1685 2190 1824 2261 unde
1851 2200 1905 2244 et

306 2260 547 2331 arbitror
569 2262 730 2314 David
771 2263 1082 2331 prophetam
1108 2260 1217 2315 sub
1246 2260 1469 2328 persona
1498 2262 1646 2315 Pauli
1677 2260 1856 2331 dicere
1886 2278 1899 2314 :

306 2327 516 2402 Lingua
539 2348 665 2402 imea
704 2327 931 2386 calamus
956 2334 1133 2386 scriba:
1158 2327 1389 2386 velariter
1413 2332 1674 2385 scribentis
1729 2330 1899 2402 (Psal.

304 2400 497 2469 44.2).
523 2401 657 2469 Quid
688 2403 846 2471 igitur
868 2403 931 2456 ad
961 2404 1221 2457 Ananiam
1251 2403 1466 2461 Paulus.
1494 2400 1902 2471 impende’nsilli

311 2471 637 2541 supplicium
685 2475 1011 2541 prospiciens
1039 2474 1063 2525 ζ’
1091 2473 1218 2526 dixit
1261 2474 1324 2526 ad
1375 2489 1536 2527 eum:
1574 2472 1829 2525 Percutiet
1857 2481 1905 2525 te

309 2540 477 2606 Deus,
506 2543 670 2612 paries
691 2540 916 2597 dealbate
937 2544 1068 2613 (Act.
1093 2544 1175 2598 25.
1212 2545 1290 2612 5).
1322 2543 1452 2598 Nam
1483 2544 1655 2611 paries
1685 2542 1900 2597 dealba~

305 2620 420 2672 tus,
451 2614 752 2680 sepulcrum
799 2616 1098 2683 speciosum
1147 2623 1283 2675 erat,
1314 2614 1440 2669 foris
1463 2614 1730 2679 inimicus,
1759 2614 1900 2668 intus

309 2696 448 2735 vero
488 2692 761 2755 mortuus._
792 2685 1052 2751 Quoniam
1094 2683 1250 2755 igitur
1301 2685 1368 2739 de
1409 2685 1571 2738 rebus
1611 2684 1896 2755 omnibus,

306 2766 438 2822 qua:
486 2754 539 2806 in
588 2753 694 2806 vita
738 2753 934 2810 {iuerint
961 2753 1133 2821 acta},
1164 2755 1397 2810 rationes
1434 2755 1585 2808 nobis
1613 2753 1898 2808 reddendae

300 2834 680 2895 proponuntur
699 2866 713 2890 ,
742 2839 806 2878 ac
827 2825 1085 2895 judicium
1117 2826 1417 2881 universale
1449 2826 1787 2880 constituitur
1811 2823 1899 2877 ubi

299 2892 533 2966 quidde
571 2896 781 2949 talentis
820 2892 1088 2965 egerimus
1128 2896 1358 2962 exigitur
1389 2938 1404 2959 ,
1447 2896 1514 2950 de
1556 2896 1896 2966 mysticorum

299 2964 611 3033 nuptiarum
649 2964 960 3036 contemptu
979 3007 992 3031 ,
1016 2966 1085 3021 de
1111 2967 1443 3036 lampadibus
1474 2964 1654 3036 sponsi
1681 3006 1697 3031 ,
1729 2964 1794 3020 de
1815 2980 1899 3018 se-

1553 388 1619 444 ΙΝ
1655 385 2147 454 ASCENSIO’NEM,
2189 388 2322 443 ETC
2337 437 2354 454 ,

3495 399 3599 458 794

2019 499 2216 555 mentis
2237 500 2586 572 inoremcnto,
2618 501 2683 556 de
2708 501 2875 556 vinea:
2903 502 3072 558 fructu
3099 545 3113 569 ,
3142 501 3316 572 deque
3342 502 3405 557 iis
3426 508 3604 559 omni-

2020 573 2118 625 bus
2134 571 2419 639 qutunobis
2441 587 2539 640 per
2565 571 2842 641 parabolas
2866 574 3118 628 revelavit
3145 591 3157 626 :
3181 574 3342 627 vitam
3360 583 3597 630 nostram

2018 641 2381 711 expendamus
2408 683 2425 708 ,
2452 652 2506 697 et
2547 659 2633 697 res
2678 643 2837 713 hujus
2870 645 2991 697 vita:
3037 654 3428 699 commutemus
3457 687 3471 710 ,
3496 660 3604 701 non

2015 727 2134 765 cum
2166 721 2404 781 argento,
2435 729 2539 766 non
2566 729 2750 768 aurum
2785 715 2936 768 nobis
2952 724 3221 785 parantes,
3249 730 3356 768 non
3386 731 3600 785 gravem

2014 797 2232 836 usuram
2275 793 2627 838 exercentes:
2659 784 2775 839 haec
2803 786 2943 838 enim
2971 784 3133 853 judex
3166 784 3446 839 aversatur
3471 802 3486 849 ;
3512 802 3605 840 ve-

2016 869 2132 906 rum
2165 853 2397 923 iunpiam
2442 870 2729 923 pauperum
2769 855 3109 910 sublevantes
3140 896 3153 914 .
3190 854 3601 923 hospitalitatem

2006 935 2326 977 exercentes
2356 966 2370 986 ,
2399 940 2462 978 ac
2483 925 2648 979 Deum
2679 926 2986 978 invocantes
3015 968 3031 989 ,
3066 924 3350 994 omniaque
3382 934 3602 993 agentes

2014 1009 2133 1061 qua:
2179 995 2243 1047 ad
2282 994 2476 1063 judicis
2506 995 2815 1063 placandam
2844 996 2975 1048 iram
3009 997 3144 1050 bona
3172 1006 3485 1050 noscuntur.
3516 995 3604 1049 Di-

2013 1078 2102 1117 sce
2135 1065 2337 1117 lucrum
2389 1065 2797 1134 hospitalitatis,
2847 1067 3138 1134 respiciens
3181 1067 3246 1118 ad
3295 1065 3598 1133 exemplum

2014 1134 2275 1188 Ahraluez
2308 1137 2666 1205 orationisque
2689 1138 2968 1190 utilitatem
2991 1152 3056 1190 ex
3077 1136 3323 1190 Ninivitis
3348 1136 3598 1192 conside-

2014 1219 2138 1276 rans
2169 1245 2182 1268 ,
2208 1220 2271 1259 ac
2295 1206 2652 1276 elcemosyutc
2682 1210 2990 1260 thesaurum
3022 1207 3075 1259 in
3103 1206 3328 1260 Tabitlta
3359 1216 3603 1263 contem-

2014 1275 2197 1341 plans:
2225 1292 2344 1345 qua:
2365 1292 2485 1330 cum
2518 1275 2568 1329 in
2597 1278 2735 1330 lecto
2762 1278 3021 1330 exanimis
3043 1276 3266 1346 jaceret,
3294 1279 3602 1346 sepulturae-

2012 1360 2115 1412 que
2164 1346 2274 1414 jam
2341 1348 2578 1413 proxima
2634 1357 2818 1410 esset,
2868 1348 3333 1401 circumsteterunt
3383 1348 3597 1402 Petrum

2011 1429 2196 1469 omnes
2225 1416 2394 1469 vidua:
2418 1417 2621 1478 ﬂentes,
2642 1427 2696 1470 et
2715 1417 3057 1472 ostendentes
3078 1418 3128 1472 ei
3151 1418 3288 1471 dona
3313 1418 3595 1482 defunctae,

2011 1486 2079 1558 ab
2118 1487 2298 1540 inferis
2343 1499 2602 1540 mortuam
2632 1496 2981 1542 extraxerunt
3018 1487 3036 1558 (
3070 1490 3180 1540 Act.
3212 1488 3265 1541 9.
3299 1489 3386 1543 5').
3413 1504 3520 1558 sqq.
3552 1488 3591 1555 ).

2011 1554 2162 1629 Quod
2204 1558 2275 1629 si,
2305 1568 2570 1610 mortuum
2613 1572 2809 1629 corpus
2857 1554 3133 1611 viduarum
3181 1559 3431 1629 lacrymte
3480 1554 3599 1613 vitae

2013 1628 2343 1681 restituerint
2370 1670 2385 1691 ,
2418 1643 2604 1682 rursus
2629 1627 2767 1682 haud
2798 1629 2958 1683 dubie
2985 1627 3308 1682 moriturum
3341 1647 3354 1680 :
3403 1639 3595 1698 quanta

2012 1707 2164 1764 putas
2211 1699 2261 1750 in
2297 1698 2558 1751 bonorum
2592 1699 2889 1753 mercedem
2919 1700 3265 1768 prmbiturum
3298 1713 3415 1753 eSSe
3443 1698 3595 1753 Judi-

2011 1782 2125 1820 cem
2182 1768 2244 1821 iis
2272 1769 2362 1837 qui
2410 1768 2554 1837 larga
2585 1784 2742 1822 manu
2775 1785 3033 1837 pauperes
3063 1769 3290 1822 aluerint
3311 1811 3325 1832 ,
3356 1784 3418 1823 ac
3445 1770 3596 1822 testi-

2010 1839 2246 1908 monium
2291 1854 2578 1906 pauperum
2610 1854 2712 1892 non
2737 1840 3070 1908 abjecerint?
3097 1839 3245 1892 Tunc
3284 1842 3424 1892 enim
3456 1840 3595 1892 dona

2009 1907 2204 1961 auferri
2236 1923 2340 1961 non
2375 1919 2693 1975 potuerunt,
2728 1907 2899 1963 morte
2929 1925 3032 1963 non
3064 1909 3425 1962 intercedi-nte
3457 1949 3471 1973 ,
3499 1909 3593 1962 sed

2009 1980 2114 2048 vita
2144 1979 2193 2030 in
2223 1991 2536 2048 perpetuum
2568 1979 2813 2033 durante.
2843 1980 2998 2033 Cane:
3020 1981 3151 2033 enim
3178 2021 3193 2042 ,
3225 1981 3395 2047 inquit
3421 2020 3433 2035 .
3477 1980 3597 2033 tuba

2008 2050 2059 2101 iu
2081 2047 2299 2121 Christo,
2316 2059 2359 2101 et
2378 2051 2561 2121 mortui
2580 2061 2837 2121 resurgent
2850 2051 3126 2120 incorrupti
3143 2051 3216 2119 (1.
3236 2050 3356 2121 Cor.
3376 2051 3461 2105 15.
3476 2050 3587 2121 52),

2010 2129 2167 2187 atque
2195 2119 2571 2185 immutabilcs,
2603 2120 2668 2173 ad
2702 2119 3050 2175 imitationem
3093 2120 3325 2175 Domini.
3369 2121 3436 2173 Et
3457 2119 3594 2174 sicut

2009 2205 2128 2243 eum
2163 2190 2331 2243 nubes
2361 2191 2604 2258 quaedam
2636 2192 2864 2259 suscepit
2892 2232 2906 2250 ,
2941 2193 3011 2245 ita
3040 2201 3093 2245 et
3121 2207 3219 2244 nos
3247 2231 3262 2257 ,
3298 2190 3590 2244 secundum

2007 2274 2192 2333 vocem
2218 2261 2399 2333 Pauli,
2429 2259 2733 2333 Inritabibus
2750 2264 3006 2331 rapiemur
3033 2263 3227 2315 obviam
3246 2261 3290 2313 ci
3308 2260 3382 2333 (Ι.
3410 2260 3588 2333 Thess.

2008 2332 2063 2384 4.
2098 2333 2207 2400 lii).
2239 2332 2304 2384 Et
2332 2331 2467 2384 sicut
2498 2332 2609 2401 ipse
2647 2333 2695 2384 in
2718 2332 2887 2400 jubilo
2908 2342 2962 2387 et
2983 2347 3111 2385 voce
3141 2333 3280 2385 tuba:
3303 2331 3542 2384 ascendit
3573 2371 3587 2393 ,

2009 2401 2080 2455 ita
2100 2411 2154 2455 et
2178 2416 2275 2454 nos
2300 2403 2486 2454 mortis
2510 2402 2777 2466 nebulam,
2802 2403 2947 2457 velut
2967 2418 3212 2456 somnum
3236 2401 3589 2465 excutientes,

2012 2472 2230 2526 Auctori
2261 2476 2382 2525 vita:
2423 2472 2839 2541 conjungcmur:
2878 2472 2946 2525 Et
2992 2474 3063 2525 sic
3091 2514 3107 2539 ,
3155 2472 3367 2540 inquit,
3396 2486 3592 2540 semper

2007 2559 2120 2615 cum
2149 2543 2366 2615 Domino
2387 2544 2571 2615 erimus
2590 2541 2808 2615 (lbid.);
2838 2544 3103 2611 sapientes
3124 2558 3184 2596 ea
3208 2556 3326 2611 quae
3344 2549 3472 2615 sunt
3492 2542 3594 2594 Do-

2007 2614 2180 2679 mini,
2209 2613 2493 2684 divinaque
2527 2612 2643 2681 ejus
2683 2612 2947 2682 pra-cepta
2995 2618 3289 2667 servantes.
3341 2612 3593 2684 Dignetur

2006 2693 2182 2738 autem
2212 2700 2309 2737 nos
2334 2681 2519 2737 omnes
2549 2681 2701 2739 beata
2738 2699 2799 2738 ac
2826 2685 2961 2737 l'elici
2987 2685 3071 2737 illa
3103 2699 3196 2737 sua
3224 2698 3388 2738 voce:
3424 2681 3582 2750 Euge,

2004 2770 2140 2808 serve
2165 2754 2290 2807 bone
2311 2764 2356 2807 et
2387 2754 2554 2821 ﬁdelis
2585 2795 2599 2818 ,
2630 2755 2747 2816 quia
2771 2771 2922 2821 super
2946 2772 3106 2824 pauca
3130 2755 3272 2825 fuisti
3296 2751 3482 2825 ﬁdelis,
3499 2767 3591 2825 δατ

2006 2841 2099 2893 pra
2120 2826 2282 2895 multa
2311 2835 2356 2877 te
2388 2820 2689 2895 Constituam
2710 2839 2728 2876 :
2758 2820 2891 2878 intra
2932 2820 2983 2878 in
3011 2820 3252 2895 gaudium
3282 2822 3490 2895 Domini
3515 2820 3589 2876 tui

2007 2896 2023 2963 (
2049 2895 2232 2947 Matth.
2262 2894 2352 2947 25’.
2381 2898 2443 2948 ‘2l
2469 2893 2488 2965 )
2541 2895 2641 2962 Ipsi
2678 2896 2843 2963 gloria
2876 2906 2926 2948 et
2955 2893 3232 2965 imperium
3255 2935 3270 2959 ,
3322 2901 3376 2948 et
3403 2894 3454 2946 in
3481 2906 3588 2945 sa:-

2006 2967 2121 3018 cula
2150 2966 2489 3019 surculorum.
2521 2970 2709 3018 Amen.

1495 3192 1608 3263 IN
1664 3189 2250 3263 ASCENSION
2275 3192 2423 3260 ΕΜ

1263 3362 1489 3406 DOMINI
1538 3361 1756 3404 NOSTRI
1801 3362 1946 3404 δεδι]
1977 3362 2257 3420 CHRISTI,
2304 3364 2513 3406 SERMO
2559 3364 2625 3406 ΙΙ.

1738 3495 2155 3560 WW1-

375 3635 678 3691 Benedictus
713 3635 866 3690 Deus.
890 3634 1257 3705 Opportunum
1289 3644 1369 3690 est
1398 3635 1556 3689 hodie
1585 3649 1681 3689 nos
1697 3647 1888 3687 omnes

298 3708 673 3778 prOplieticum
722 3707 847 3760 illud
889 3707 1155 3767 clamare.
1212 3707 1473 3778 simulque
1520 3706 1888 3760 universorum

302 3775 590 3831 hominum
627 3777 948 3839 collaudare,
976 3793 1038 3830 ac
1063 3778 1241 3832 dicere
1268 3795 1282 3830 :
1315 3775 1440 3841 Quis
1457 3777 1686 3842 loquetur
1713 3784 1891 3844 poten-

299 3849 403 3900 tias
448 3848 683 3919 Domini,
720 3847 920 3901 auditas
966 3849 1115 3919 faciet
1149 3864 1323 3902 omnes
1366 3847 1541 3919 laudes
1576 3848 1688 3915 ejus
1711 3844 1885 3919 _(Psal.

305 3919 430 3973 105.
460 3918 545 3987 2)?
573 3918 743 3972 Hodie
775 3919 916 3972 enim
944 3916 1140 3972 nostra:
1173 3919 1416 3986 primitia:
1444 3916 1686 3971 Christus
1709 3917 1759 3969 in
1789 3931 1889 3969 ca:-

298 3988 387 4041 los
409 3989 669 4053 ascendit,
697 3998 751 4043 et
778 3989 865 4057 qui
888 4004 954 4043 ex
986 3989 1138 4043 nobis
1153 4003 1366 4043 carnem
1390 3988 1486 4041 sibi
1508 3994 1888 4053 assumpserat,

305 4060 560 4112 thronum
588 4059 762 4112 Patris
787 4060 1010 4127 accepit,
1034 4066 1094 4113 ut
1133 4074 1231 4113 nos
1278 4072 1464 4112 servos
1503 4058 1888 4120 reconciliaret,

303 4138 657 4200 veteremque
673 4129 999 4184 inimicitiam
1016 4129 1240 4200 deleret,
1254 4144 1317 4183 ac
1333 4143 1517 4200 pacem
1541 4142 1891 4200 supernorum

302 4198 636 4254 exercituum
660 4200 963 4254 hominibus
988 4199 1162 4253 adhuc
1189 4200 1240 4252 in
1274 4209 1412 4253 terra
1444 4199 1758 4268 degentibus
1792 4198 1892 4252 do-

305 4279 482 4323 naret.
496 4269 812 4325 Communis
838 4270 979 4324 enim
1004 4270 1157 4324 nobis
1178 4270 1333 4324 hodie
1348 4271 1607 4324 adversus
1622 4268 1892 4325 diabolum

305 4341 626 4408 proponitur
664 4341 921 4406 victoria,
957 4340 1260 4395 communia
1305 4339 1611 4394 certaminis
1653 4340 1891 4407 praemia,

300 4415 621 4465 communes
647 4424 881 4473 coronm,
903 4412 1201 4465 communis
1219 4411 1406 4479 gloria.
1425 4410 1684 4479 Quocirca
1710 4411 1892 4463 exsul-

303 4490 483 4535 tomus
506 4483 680 4536 cuncti
710 4481 1031 4551 aspicientes
1071 4478 1329 4550 primitias
1356 4490 1569 4535 nostras
1598 4478 1889 4544 Christum,

302 4566 520 4604 sursum
569 4553 883 4615 sedentem,
928 4561 1270 4621 nostramque
1339 4560 1582 4605 naturam
1640 4552 1893 4621 thronum

301 4621 541 4675 dextera.-
560 4623 651 4677 Dei
670 4632 1036 4690 occupantem.
1056 4620 1191 4677 Nam
1213 4623 1258 4677 si
1285 4621 1612 4676 admirabilis
1637 4620 1891 4690 propheta

303 4692 494 4746 beatos
527 4708 623 4747 eos
658 4694 912 4762 praedicat
949 4693 1043 4762 qui
1090 4695 1286 4748 habent
1330 4708 1512 4747 semen
1563 4693 1614 4746 in
1660 4692 1809 4755 Sion,
1840 4701 1894 4746 et

302 4763 630 4835 domesticos
656 4766 708 4817 in
754 4763 1050 4818 Jerusalem
1076 4763 1228 4835 (lsai.
1252 4764 1338 4819 51.
1369 4763 1452 4835 9),
1482 4763 1893 4835 quantomagis

301 4847 408 4886 nos
431 4833 662 4901 gaudere
690 4842 745 4889 et
768 4836 1036 4889 exsultare
1081 4833 1312 4904 oportet,
1354 4834 1594 4887 videntes
1636 4833 1894 4902 primitias

303 4913 509 4957 nOStra:
534 4905 722 4958 salutis
766 4903 1035 4959 Christum
1067 4903 1130 4957 ad
1159 4906 1329 4973 ipsum
1359 4904 1611 4959 caslurum
1640 4904 1890 4957 verticem

301 4975 785 5041 ascendentem,et
817 4978 1048 5044 regalem
1094 4976 1367 5040 thronum,
1416 4990 1571 5044 quem
1616 4973 1730 5044 ipse
1771 4974 1895 5028 reli-

302 5054 517 5112 querat,
566 5047 666 5099 sibi
717 5046 1109 5101 vindicantem?
1147 5046 1438 5100 Considera
1481 5045 1891 5109 enim,dilccte,

300 5123 503 5185 quanta
542 5116 631 5170 Dei
672 5118 838 5170 nostri
880 5118 949 5171 sit
987 5116 1229 5178 bonitas,
1277 5131 1541 5185 quamque
1588 5117 1794 5169 occulta
1842 5124 1896 5168 ct

303 5184 591 5239 inell‘abilis
615 5187 733 5256 ejus
784 5188 917 5241 facta
963 5189 1032 5241 sit
1071 5188 1396 5255 dispensatio
1443 5184 1564 5255 erga
1604 5200 1774 5255 genus
1799 5202 1895 5239 no-

297 5264 499 5319 strum,
527 5261 667 5324 quod
692 5256 876 5312 fraude
911 5257 1105 5311 diaboli
1150 5257 1399 5327 paradiso
1441 5257 1740 5319 exciderat;
1775 5266 1895 5310 tan-

302 5335 470 5391 taque
516 5328 887 5397 inaledictione
928 5328 1259 5392 damnatum,
1311 5336 1529 5397 repente
1564 5327 1617 5380 in
1643 5337 1893 5395 quantam

297 5396 678 5469 celsitudinem
725 5400 895 5469 evexit
933 5416 946 5451 :
979 5410 1162 5469 etquo
1209 5396 1379 5467 pacto
1411 5413 1529 5462 nos,
1560 5397 1726 5469 quiet
1756 5407 1893 5451 terra

299 5467 421 5535 ipsa
449 5467 761 5521 videbamur
791 5468 1012 5538 indigni,
1037 5468 1193 5522 hodie
1216 5485 1265 5520 m
1288 5468 1476 5523 crelum
1499 5468 1667 5522 evecti
1703 5469 1890 5532 simus,

300 5539 528 5607 ipsaque
556 5549 735 5592 nostra
759 5548 1115 5608 natura,-qua:
1151 5539 1309 5591 etiam
1336 5539 1586 5606 paradiso
1617 5538 1764 5607 prius
1795 5553 1860 5608 pu
1879 5567 1892 5577 ο

300 5609 517 5662 labatur
561 5609 796 5678 indigna.
829 5609 951 5663 Htec
996 5610 1137 5662 enim
1171 5608 1222 5661 iu
1254 5609 1397 5661 ea-lis
1442 5609 1665 5677 primam
1711 5608 1893 5663 sedem

298 5680 632 5746 occupavit;
679 5695 903 5749 qmeque
946 5680 1252 5732 daemonum
1293 5679 1581 5732 ludibrium
1624 5688 1888 5743 evaserat,

302 5749 470 5819 hodie
500 5750 565 5801 ah
590 5750 795 5819 angelis
829 5750 1178 5817 supernisque
1226 5750 1575 5818 potcsmtibus
1616 5749 1887 5803 aduratur.

297 5818 348 5875 0
379 5818 585 5873 beatam
617 5818 759 5873 illaut
801 5820 1078 5874 invidiam!
1110 5837 1142 5874 ο
1165 5821 1328 5874 bonas
1359 5819 1608 5875 insidias!
1642 5836 1675 5874 ο
1701 5819 1893 5875 invidia

1998 3633 2256 3688 honorum
2278 3649 2590 3703 causa,qua:
2614 3635 2987 3689 nobisinlinita
3031 3636 3286 3690 concilias
3327 3637 3585 3696 bona.lc-

1995 3718 2218 3774 genique
2235 3706 2645 3759 immortalitatis
2664 3706 2910 3775 peperisti
2933 3708 2944 3761 !
2964 3708 3093 3759 Cum
3111 3708 3249 3760 enim
3272 3716 3423 3760 antea
3446 3718 3591 3761 natu-

1996 3789 2071 3826 ra:
2088 3786 2280 3829 nostra:
2295 3775 2540 3830 humanm
2561 3777 2610 3829 in
2636 3778 2789 3830 terris
2811 3775 3022 3845 degenti
3043 3777 3297 3831 invideret
3316 3779 3587 3844 improbus

1996 3845 2085 3898 ille
2101 3844 2330 3910 dmmon,
2349 3862 2487 3901 nunc
2510 3862 2626 3901 eam
2647 3849 2698 3900 in
2717 3848 2860 3901 caelis
2877 3844 3084 3903 adorari
3110 3848 3251 3900 videt
3270 3866 3283 3901 :
3301 3858 3351 3902 et
3373 3850 3460 3915 qui
3490 3864 3586 3902 an-

1998 3922 2079 3969 tea
2117 3931 2210 3983 per
2228 3916 2462 3971 fraudem
2495 3933 2682 3986 magna
2699 3918 3197 3981 etincmnparahilia
3233 3918 3584 3985 surripuerat,

1998 3994 2055 4039 ut
2082 3986 2334 4053 putabat,
2358 4003 2496 4041 nunc
2532 3989 2821 4055 majoribus
2853 4000 2905 4042 et
2940 3987 3315 4042 illustrioribus
3341 4004 3439 4041 nos
3463 4004 3587 4055 per-

1996 4055 2100 4111 frui
2121 4058 2310 4111 cernit.
2334 4058 2638 4127 ldeojubilo
2666 4070 2720 4113 et
2753 4062 2963 4114 exsulto
3010 4059 3185 4122 hodie,
3205 4065 3369 4111 etvos
3410 4068 3589 4113 utme-

1996 4142 2117 4181 cum
2139 4128 2293 4181 simul
2323 4129 2417 4182 has
2439 4128 2665 4199 choreas
2695 4132 2859 4199 agatis
2885 4130 3157 4183 cohortor.
3189 4129 3288 4195 Qui
3327 4129 3467 4183 enim
3491 4145 3590 4185 nec

1999 4206 2209 4253 terreno
2224 4199 2436 4268 quidem
2455 4198 2656 4255 honore
2671 4199 2814 4269 digni
2840 4214 3072 4264 eramus,
3093 4200 3158 4252 ad
3184 4214 3471 4268 supernum
3500 4215 3589 4255 re-

1998 4283 2161 4341 gnum
2212 4270 2590 4334 ascendimus,
2629 4271 2792 4325 cwlos
2840 4271 3172 4341 pervasimus
3198 4311 3211 4333 ,
3259 4278 3317 4325 ct
3355 4270 3587 4338 regalem

2000 4338 2249 4411 thronum
2281 4338 2996 4411 apprehendimus,ipsaque
3045 4350 3254 4404 natura,
3294 4355 3388 4408 per
3424 4356 3584 4410 quam

1997 4410 2368 4464 custodiebant
2390 4412 2691 4480 paradisum
2716 4410 3027 4477 Cherubim,
3063 4412 3170 4480 jam
3215 4420 3395 4465 evecta
3425 4421 3506 4463 est
3536 4419 3592 4463 et

1999 4482 2270 4533 aduratur.
2311 4480 2641 4552 Obstupesce
2688 4483 2846 4550 igitur
2886 4495 2938 4535 et
2960 4483 3244 4544 admirare,
3289 4480 3584 4552 carissime,

2000 4565 2242 4619 magnam
2282 4550 2554 4605 solertiam
2589 4552 2795 4606 Domini
2830 4554 2923 4617 tui,
2959 4568 3023 4607 ac
3047 4553 3283 4620 glorilica
3311 4567 3454 4614 eum,
3497 4550 3585 4619 qui

2000 4629 2142 4674 tanta
2172 4621 2261 4675 tibi
2292 4621 2513 4691 largitus
2543 4631 2644 4676 est.
2674 4624 3027 4677 Transcendit
3050 4622 3190 4677 enim
3223 4622 3347 4674 doni
3377 4623 3585 4689 magni-

1999 4692 2205 4745 liccntia
2230 4691 2410 4745 damni
2440 4693 2880 4762 magnitudinem.
2913 4693 3043 4746 Nam
3073 4707 3198 4746 ecce
3222 4693 3310 4760 qui
3340 4691 3588 4760 paradiso

1998 4762 2396 4828 excideramus,
2437 4765 2501 4815 ad
2541 4763 2728 4817 ccclum
2776 4765 2946 4832 ipsum
2991 4763 3186 4817 sublati
3230 4776 3451 4826 sumus;
3496 4763 3587 4832 qui

1998 4842 2170 4887 morte
2195 4832 2429 4886 damnati
2458 4832 2676 4898 fuimus,
2712 4834 3125 4890 immortalitatis
3158 4834 3356 4887 donum
3380 4833 3591 4902 accepi-

1998 4919 2118 4957 mus
2149 4920 2164 4958 :
2194 4903 2384 4957 infensi
2413 4919 2628 4958 eramus
2651 4917 2702 4959 et
2729 4906 2958 4974 abjccti;
2989 4914 3045 4960 et
3075 4904 3214 4958 ﬁlios
3252 4919 3353 4974 nos
3393 4918 3589 4958 vocare

1998 4975 2243 5038 dignatus
2272 4982 2373 5033 est.
2403 4989 2575 5043 neque
2610 4974 2750 5031 ﬁlios
2777 4973 2973 5043 Solum,
3001 4975 3094 5030 sed
3121 4984 3177 5030 et
3199 4973 3456 5037 heredes;
3489 4989 3588 5029 ne-

1999 5060 2103 5113 que
2130 5045 2290 5099 etiam
2333 5044 2561 5100 heredes
2597 5055 2825 5109 tantum,
2854 5047 2946 5101 sed
2974 5059 3026 5100 ct
3051 5046 3342 5100 coheredes
3367 5045 3587 5099 Christi.

1999 5115 2141 5169 Ecce
2169 5116 2437 5184 quomodo
2467 5116 2666 5184 majora
2712 5118 2867 5171 nobis
2896 5134 2922 5169 a
2955 5117 3184 5171 Domino
3218 5117 3325 5172 sint
3367 5117 3583 5180 donata,

1999 5201 2158 5255 quam
2201 5196 2355 5241 antea
2403 5188 2611 5240 fuerant
2660 5188 2856 5241 ablata.
2902 5187 3100 5243 Verum
3139 5187 3441 5255 dumaudis
3465 5201 3588 5241 eum

2000 5254 2307 5311 ascendisse
2334 5266 2389 5311 et
2424 5267 2753 5326 assumptum
2793 5273 2933 5323 esse,
2970 5273 3101 5312 cave
3148 5254 3368 5312 Iocalem
3398 5258 3448 5309 in
3482 5258 3589 5311 Deo

1999 5326 2315 5381 descensum
2357 5328 2594 5395 opineris
2634 5328 2928 5383 :divinitas
2966 5331 3107 5384 enim
3155 5328 3330 5383 omnia
3381 5327 3587 5397 implet,

2000 5397 2198 5469 ubique
2226 5412 2465 5466 praasens
2495 5407 2595 5459 est,
2627 5407 2683 5453 et
2717 5413 2977 5469 nusquam
3024 5401 3192 5465 abest,
3212 5399 3363 5469 velut
3412 5399 3589 5450 omnia

2000 5467 2329 5539 inspiciens,
2350 5478 2404 5522 et
2426 5469 2796 5523 universorum
2836 5467 3034 5539 opifex.
3062 5468 3312 5537 Ejusdem
3340 5483 3461 5520 cum
3491 5482 3589 5521 no-

2001 5547 2114 5592 stro
2150 5537 2361 5610 generis
2401 5552 2615 5608 corpus,
2634 5554 2739 5609 quo
2778 5537 3086 5610 assumpto,
3129 5552 3388 5610 apparere
3432 5552 3593 5607 super

2002 5616 2201 5681 terram
2226 5608 2473 5677 dignatus
2510 5618 2610 5673 est,
2652 5608 2786 5664 cum
2829 5608 3049 5681 prorsus
3086 5610 3262 5663 simile
3300 5608 3454 5661 nobis
3499 5610 3588 5670 sit,

2001 5678 2131 5750 illud
2160 5678 2329 5747 ipsum
2356 5689 2598 5734 nostrum
2628 5690 2732 5748 est,
2761 5678 2900 5750 quod
2946 5695 3157 5735 sursum
3199 5690 3443 5733 evectum
3488 5690 3588 5750 est.

2002 5748 2073 5804 Et
2102 5758 2377 5819 propterea
2409 5748 2791 5807 communibus
2813 5752 2971 5806 hodie
3012 5750 3186 5806 cuncti
3223 5750 3443 5819 vocibus
3471 5749 3583 5819 cla-

2002 5816 2217 5876 memus
2235 5820 2603 5890 propheticum
2650 5822 2780 5877 illud
2826 5824 3022 5876 dictum
3050 5839 3062 5873 :
3095 5819 3331 5874 Ascendit
3359 5816 3500 5872 Dens
3528 5818 3581 5871 iu
