4044 6374
289 406 395 463 809

286 521 356 575 vit
376 537 532 577 sonus
571 530 741 574 eorum
777 514 954 592 (Paul.
1002 518 1088 592 i8.
1115 519 1194 587 5).
1226 518 1517 590 Oportebat
1558 521 1698 592 enim
1744 537 1865 575 eum

289 592 479 646 orbem
510 601 770 645 terrarum
788 590 1278 659 comprehendere,
1311 601 1365 644 et
1389 590 1682 644 secundum
1714 606 1866 646 men-

288 676 475 716 suram
503 659 686 730 ﬁnium
712 659 828 727 ejus
847 661 1081 726 extendi,
1108 660 1485 730 neminemque
1513 659 1755 715 doctrina
1775 678 1866 716 ex-

291 738 496 800 pertem
522 729 735 795 adesse,
761 745 824 783 ac
847 731 964 800 sine
1003 731 1337 785 institutione
1367 729 1722 800 praetermitti.
1757 733 1868 800 Ap-

290 796 583 871 paruerunt
617 809 793 871 autem
826 801 877 871 in
908 799 1076 854 forma
1121 800 1260 871 ignis
1281 796 1465 855 divisa:
1493 801 1705 869 linguae.
1745 796 1870 855 Ete-

291 869 403 925 nim
440 870 804 935 apostolorum
829 870 1019 939 lingute
1039 869 1174 940 ignis
1201 886 1349 926 more
1374 883 1670 940 operatum
1692 879 1867 937 erant,

287 951 345 995 et
371 941 642 1010 duplicem
692 955 845 995 usum
895 940 1240 1005 exhibiturte;
1293 942 1363 995 ita
1405 950 1464 994 ut
1508 950 1562 994 et
1596 941 1868 996 diabolum

287 1010 598 1073 adurerent,
628 1020 680 1063 et
706 1010 952 1064 sedentes
993 1012 1043 1064 in
1075 1011 1304 1065 tenebris
1327 1012 1711 1065 illuminarent.
1739 1011 1869 1066 Vide

289 1081 422 1135 mihi
451 1083 623 1150 ignem
655 1079 899 1134 fidelibus
913 1080 1232 1149 oleoquovis
1258 1083 1559 1142 mitiorem;
1598 1082 1721 1136 vide
1738 1082 1867 1135 mihi

287 1149 525 1221 linguain
550 1150 901 1221 quovisigue
944 1149 1155 1205 diabolo
1205 1152 1705 1221 formidabiliorem,
1749 1150 1870 1205 vide

288 1220 421 1275 mihi
470 1220 702 1291 linguam
756 1220 1045 1291 impietatis
1095 1221 1279 1288 spinas
1344 1220 1755 1291 incendentem,
1812 1230 1870 1276 et

286 1292 503 1360 pietatis
529 1289 739 1359 segetes
761 1305 881 1344 rore
910 1289 1353 1358 perfundentem;
1396 1292 1515 1344 vide
1567 1291 1695 1345 mihi
1726 1290 1863 1343 dno-

283 1362 461 1416 decim
486 1362 779 1430 discipulos
804 1360 870 1415 ab
897 1376 1002 1413 uno
1025 1361 1244 1414 doetore
1268 1360 1536 1414 institutos
1561 1379 1575 1423 ;
1598 1362 1719 1416 vide
1739 1361 1867 1415 mihi

284 1431 569 1485 duodecim
601 1433 765 1487 duces
790 1431 858 1483 ab
891 1446 997 1484 uno
1037 1446 1162 1498 rege
1215 1442 1491 1498 (-00ptatos
1523 1448 1537 1492 ;
1572 1432 1690 1483 vide
1739 1433 1867 1485 mihi

284 1501 569 1555 duodecim
617 1501 893 1569 splendida
937 1500 1222 1554 luminaria
1266 1517 1330 1554 ex
1363 1515 1467 1554 uno
1507 1501 1704 1555 vertice
1744 1517 1865 1554 sur-

281 1573 492 1640 gentia;
539 1571 655 1625 vide
705 1570 831 1623 mihi
881 1570 1160 1624 duodecim
1214 1586 1374 1637 puros
1419 1571 1595 1625 radios
1642 1572 1710 1624 ab
1757 1586 1864 1625 uno

282 1641 405 1696 sole
432 1640 691 1706 emissos;
748 1641 867 1694 vide
906 1640 1034 1695 mihi
1063 1640 1340 1694 duodecim
1374 1641 1617 1695 lucernas
1649 1642 1716 1694 ab
1757 1657 1858 1695 una

282 1710 517 1765 scintilla
558 1724 841 1781 accensas;
886 1711 1013 1781 vide
1053 1710 1181 1764 mihi
1207 1711 1482 1764 duodecim
1524 1713 1767 1781 palmites
1804 1728 1869 1765 ex

284 1795 413 1834 vera
436 1782 540 1834 vite
567 1780 910 1848 pttllttlatttes;
936 1780 1054 1835 vide
1071 1781 1196 1833 mihi
1219 1781 1496 1835 duodecim
1515 1780 1772 1851 cophinos
1801 1797 1866 1836 ex

283 1865 391 1903 una
419 1860 598 1904 mensa
630 1852 893 1919 repletos;
938 1851 1057 1906 vide
1107 1851 1235 1904 ntihi
1264 1852 1546 1905 duodecim
1594 1852 1783 1905 fluvios
1803 1868 1867 1905 ex

283 1936 395 1973 uno
433 1920 575 1973 fonte
624 1931 929 1991 nuntiantes;
986 1919 1103 1991 vide
1156 1921 1284 1974 tttihi
1332 1921 1610 1975 duodecim
1668 1922 1872 1991 linguas

279 1996 350 2044 ex
375 2005 477 2061 una
502 1990 665 2059 gratia
691 1990 983 2059 loquentes.
1014 1989 1092 2045 Ne
1113 2004 1268 2061 putes
1295 1992 1413 2045 illos
1435 1991 1611 2045 ebrios
1637 2003 1727 2045 ant
1752 1989 1872 2045 inu-

280 2069 370 2114 sto
397 2060 581 2127 plenos
609 2075 748 2124 esse,
780 2078 844 2113 ne
870 2060 1238 2116 incredulitate
1260 2072 1344 2114 tua
1363 2060 1560 2115 donum
1587 2071 1867 2116 contume-

280 2126 600 2202 ljaaflicias,
631 2146 698 2184 ne
739 2130 1091 2202 exsecrandos
1134 2134 1375 2185 homines
1416 2126 1659 2202 imiteris.
1694 2147 1867 2202 neque

280 2197 515 2267 Spiritus
561 2201 923 2268 operationem
974 2201 1284 2255 ebrietatem
1332 2202 1586 2270 appelles.
1630 2197 1872 2258 Ebrietas

278 2269 481 2341 quippe
504 2271 794 2339 linguarum
811 2285 1006 2340 genera
1025 2270 1295 2339 impertire
1317 2269 1527 2339 ttetptit;
1552 2273 1660 2326 imo
1685 2272 1868 2341 cujus-

277 2353 389 2407 que
406 2340 633 2409 linguam
651 2341 855 2409 alligat,
878 2349 930 2394 et
950 2341 1191 2395 insanum
1211 2342 1355 2394 illttttt
1378 2341 1557 2404 efficit,
1582 2340 1873 2396 sermonis-

318 2424 390 2465 ue
418 2425 628 2464 cursum
683 2411 970 2479 intercipit,
1002 2420 1056 2465 et
1082 2413 1229 2480 quasi
1259 2413 1310 2465 in
1343 2412 1505 2480 petris
1535 2422 1692 2465 noctu
1721 2412 1869 2466 ince-

318 2488 462 2545 ens,
506 2481 753 2535 dentibus
804 2480 1079 2549 impingit;
1124 2490 1181 2535 et
1229 2480 1357 2534 dtmt
1410 2490 1644 2536 mentem
1700 2490 1867 2548 tenet,

283 2550 740 2617 perturbationem
813 2550 1087 2617 immittit,
1146 2552 1575 2619 imaginationem
1643 2561 1865 2620 movet,

277 2626 336 2692 et
383 2619 611 2692 syllabas
661 2621 956 2675 detruncat.
987 2620 1083 2675 Est
1128 2630 1303 2692 autem
1356 2622 1605 2692 ebrietas
1642 2619 1868 2692 vigilao4

280 2689 352 2743 tis
385 2691 672 2756 somnium,
714 2707 819 2746 non
868 2691 1181 2746 dormientis
1230 2692 1527 2755 somnium,
1587 2689 1731 2745 furor
1793 2693 1868 2746 si-

281 2760 447 2824 tiens,
504 2760 712 2815 daemon
784 2760 1057 2823 esuriens.
1129 2761 1372 2816 diabolus
1432 2763 1554 2816 vino
1603 2761 1862 2829 insidens,

285 2830 432 2883 latro
485 2830 535 2883 in
585 2829 847 2899 conviviis
889 2831 1108 2887 insidias
1163 2843 1405 2899 struens,
1468 2840 1523 2886 et
1577 2847 1726 2886 mero
1781 2847 1867 2885 ra-

286 2900 568 2955 tiociniutn
625 2892 991 2968 inflammans,
1023 2912 1078 2956 et
1121 2892 1462 2968 pharmactim
1502 2902 1694 2954 animat
1736 2900 1867 2956 deli-

279 2970 449 3041 cienti
481 2981 800 3025 venenatum
831 2987 1043 3041 parans.
1079 2972 1202 3041 Πειξο
1234 2973 1368 3027 solet
1386 2970 1613 3025 ebrietas
1629 2971 1864 3028 efﬁcere.

277 3039 435 3110 Hauc
457 3042 712 3110 apostolis
740 3038 1058 3096 calumniam
1107 3038 1400 3095 oli'crebant
1430 3042 1573 3109 itttpii
1620 3042 1693 3095 illi
1724 3060 1737 3094 :
1770 3043 1856 3095 tti-

277 3109 463 3179 hilque
487 3113 675 3165 mirum
701 3113 745 3166 si
773 3112 936 3166 sobrii
964 3111 1162 3166 .lttdaeis
1188 3112 1504 3166 videbantur
1533 3111 1665 3166 ebrii
1692 3128 1704 3164 :
1730 3113 1860 3167 olim

279 3196 519 3253 namque
542 3191 756 3238 sanctos
783 3183 926 3237 viros
950 3183 1287 3237 contumeliis
1313 3180 1632 3248 afticiebant,
1658 3193 1712 3238 et
1740 3197 1865 3252 pro-

1440 405 1503 461 IN
1544 402 2051 461 PENTECOSTEN.
2093 403 2321 460 SERMO
2352 402 2439 461 ιιι.

3470 418 3575 472 810

1984 521 2170 588 pheta:
2199 527 2470 589 tamquam
2497 519 2676 575 ebrios
2722 518 3037 578 irridehant.
3070 523 3292 583 Etiamsi
3323 542 3450 585 vero
3473 532 3572 582 ab-

1986 591 2298 667 negaverint
2317 590 2760 667 ,_dica_ntus_ip_§is
2794 609 2808 647 :
2838 596 3018 667 Annon
3054 596 3160 649 [nec
3192 596 3263 650 ita
3292 610 3429 665 sunt,
3475 601 3572 667 ﬁlii

1976 657 2171 734 Israel,
2184 660 2305 712 dicit
2331 657 2578 734 Dominus
2600 659 2627 714 .’
2762 664 3011 734 putabatis
3047 666 3391 734 sanctiﬁcata.
3414 657 3568 724 voices

1975 731 2110 806 pina,
2134 739 2181 783 et
2202 730 2458 806 prophetis
2470 730 2841 806 praecipiebant
2863 734 3115 806 (licentes,
3141 730 3223 806 No
3251 740 3560 806 prophetali:

1976 799 2170 925 §Amm
2202 797 2270 853 '2.
2296 797 2405 854 ⁷11.
2437 797 2561 871 12).
2593 797 2704 869 Ego
2728 803 2886 856 etiam
2917 803 3029 869 ipse
3070 797 3262 860 ebrios'
3286 797 3408 863 illos
3448 824 3569 865 esse

1995 880 2166 925 atcor.
2194 885 2300 923 non
2328 869 2584 925 ebrietate
2604 886 2762 925 uuam
2792 882 2845 925 tu
2870 872 3023 925 dicis.
3057 875 3149 925 sed
3177 876 3355 925 divina
3378 890 3432 925 et
3453 883 3564 925 sni-

1995 873 2166 953 atcor,
2183 885 2300 953 non
2328 869 2584 925 ebrietate
2604 886 2762 953 quam
2792 882 2845 925 tu
2870 872 3023 953 dicis,
3057 875 3149 953 sed
3177 876 3355 953 divina
3378 890 3432 953 et
3453 883 3564 949 spi-

1975 939 2150 995 rituali
2182 940 2308 1016 illa,
2354 956 2514 1016 quam
2555 939 2644 1011 qui
2694 942 2965 1016 hauserit,
2994 939 3254 1011 Sapientia
3287 939 3564 1016 repletur,

1975 1026 2132 1086 quam
2160 1010 2538 1086 qui_ltattse_t'it,
2571 1010 2749 1067 mente
2780 1010 3079 1078 roboratur,
3106 1031 3269 1086 quam
3310 1010 3400 1086 qui
3435 1010 3565 1074 hau;

1976 1082 2104 1134 serit
2130 1122 2145 1144 ,
2175 1081 2353 1163 vigilat
2391 1080 2458 1133 ad
2486 1082 2766 1163 virtutem,
2798 1098 2956 1163 quam
2981 1086 3081 1163 qui
3103 1080 3369 1163 hauserit,
3400 1088 3564 1143 Deum

1976 1166 2157 1205 amare
2179 1149 2353 1216 discit,
2374 1167 2529 1218 quam
2554 1152 2642 1219 qtti
2667 1149 2877 1217 biberit,
2912 1149 3015 1207 non
3038 1155 3180 1208 sitiet
3204 1157 3253 1209 itt
3280 1149 3561 1221 attemnm,

1974 1235 2132 1289 quam
2162 1221 2251 1288 qui
2276 1222 2484 1293 biberit,
2515 1237 2635 1275 cum
2672 1222 2837 1277 Paulo
2876 1224 3061 1287 inanit,
3091 1225 3263 1293 ignem
3285 1235 3338 1280 et
3362 1227 3560 1283 ferrum

1974 1293 2228 1366 audacter
2261 1292 2369 1344 adit
2390 1332 2404 1353 ,
2438 1304 2501 1366 et,
2535 1293 2584 1343 itt
2619 1294 2850 1366 pericula
2877 1308 2937 1348 se
2960 1292 3205 1366 ctnnjiCit,
3243 1311 3565 1366 omnemque

1974 1360 2328 1415 calamitatem
2357 1362 2502 1432 quasi
2535 1360 2643 1432 rem
2671 1362 2844 1415 betam
2871 1360 3240 1432 amplectitur,
3272 1366 3341 1419 de
3364 1360 3561 1422 contu-

1975 1432 2151 1507 meliis
2174 1433 2326 1507 quasi
2361 1432 2427 1485 de
2450 1431 2693 1507 laudibus
2721 1431 2985 1507 exsultat,
3013 1435 3080 1507 de
3118 1438 3374 1490 conviciis
3410 1440 3562 1507 quasi

1975 1498 2043 1554 de
2076 1498 2356 1575 praecutiiis
2399 1503 2598 1575 gestit,
2647 1502 2868 1575 vinculis
2910 1520 3006 1571 pro
3034 1506 3360 1570 Servatore,
3412 1498 3562 1575 quasi

1976 1571 2188 1643 coronis
2222 1572 2383 1643 regiis
2421 1572 2770 1643 exhilaratttr.
2802 1572 2897 1627 Hic
2934 1585 3110 1628 crater
3135 1576 3404 1643 apostolos
3432 1571 3561 1631 ine-

1976 1640 2170 1693 briavit
2185 1658 2202 1713 ;
2235 1641 2335 1694 hoc
2361 1642 2604 1710 poculum
2635 1642 2931 1696 Salvator-is
2958 1640 3203 1713 discipuli
3243 1645 3517 1700 ebibet'uot
3540 1688 3557 1710 ,

1976 1719 2030 1763 et
2058 1711 2410 1777 pulcherrima
2452 1713 2711 1766 ebrietate
2741 1715 2879 1781 capti
2912 1722 3036 1767 sunt
3056 1754 3072 1776 ,
3098 1711 3168 1768 ac
3192 1728 3342 1767 sacra
3378 1731 3558 1771 mensa

1977 1783 2147 1833 satiati
2172 1782 2353 1835 dicunt
2379 1796 2497 1835 cum
2529 1783 2684 1834 beato
2704 1783 2900 1837 Davide
2936 1801 2948 1835 :
2980 1781 3187 1837 Parasti
3211 1786 3263 1836 in
3290 1798 3561 1851 conspectu

1977 1867 2086 1903 meo
2117 1868 2339 1903 mensam
2383 1852 2621 1904 adversus
2664 1868 2748 1905 eos
2790 1852 2875 1921 qui
2918 1852 3158 1906 tribulam
3206 1870 3286 1907 me
3320 1869 3340 1907 :
3371 1855 3562 1922 impin-

1974 1923 2144 1995 guasli
2162 1922 2214 1973 in
2240 1922 2347 1974 oleo
2373 1931 2525 1991 caput
2551 1938 2736 1995 meum,
2759 1932 2804 1995 et
2830 1922 2965 1975 calix
2988 1933 3103 1995 tuus
3130 1922 3382 1977 inebrians
3407 1942 3559 1995 quam

1977 1990 2252 2062 proximius
2283 2000 2356 2043 est
2378 2007 2397 2044 :
2419 2003 2464 2044 et
2494 1992 2837 2062 misericordia
2867 2002 2954 2062 tuo
2981 1994 3306 2062 subsequelur
3335 1990 3551 2048 nteant-

1976 2060 2123 2113 nibus
2162 2061 2332 2114 diebus
2369 2062 2481 2115 vita
2506 2076 2628 2114 mea:
2659 2066 2675 2130 (
2701 2061 2846 2115 Psal.
2873 2060 2962 2132 22.
2994 2062 3045 2116 5.
3074 2066 3110 2118 6
3131 2060 3171 2132 ).
3200 2061 3301 2129 Qui
3327 2063 3468 2117 enim
3492 2080 3558 2118 ei

1977 2132 2080 2184 hoc
2106 2132 2270 2185 calice
2296 2132 2447 2196 bibit,
2479 2134 2577 2186 etsi
2609 2133 2818 2185 sobrius
2845 2134 2894 2185 in
2924 2130 3158 2196 Christo,
3188 2134 3390 2187 insanis
3414 2134 3557 2188 ebri-

1978 2216 2041 2254 us
2063 2216 2183 2256 esse
2207 2201 2414 2255 videtur
2434 2240 2453 2266 ,
2483 2216 2603 2255 cum
2630 2216 2691 2271 ea
2721 2218 2842 2270 quae
2875 2202 3165 2271 salvatoris
3198 2212 3321 2256 sunt
3364 2204 3555 2271 sapiat.

1976 2270 2130 2325 Hunc
2168 2281 2430 2325 craterem
2458 2272 2614 2342 nobis
2643 2270 2896 2326 Dominus
2924 2270 3166 2326 Christus
3199 2287 3265 2328 es
3297 2270 3559 2342 sanguine

1976 2354 2073 2395 suo
2117 2342 2367 2404 miscuit,
2417 2341 2718 2410 multosque
2761 2342 2913 2396 nobis
2959 2343 3210 2395 convivas
3236 2342 3555 2407 advocavit,

1975 2411 2388 2481 innumerosque
2414 2414 2751 2479 evangelicos
2782 2413 2952 2479 pisces
2979 2412 3338 2480 congregavit,
3368 2428 3436 2466 ac
3456 2413 3556 2466 Ρο-

1976 2481 2044 2534 tri
2071 2496 2320 2549 sagenatn
2352 2482 2628 2549 implevit;
2661 2480 2864 2547 fuitque
2897 2482 3259 2549 spectaculum
3287 2496 3480 2535 novum
3508 2494 3562 2535 et

1975 2550 2269 2605 inauditum
2292 2590 2307 2613 ,
2353 2560 2409 2606 et
2449 2552 2704 2620 piscatum
2736 2552 2833 2619 ipsi
2868 2551 3220 2605 celebriorem
3268 2560 3558 2619 tempestas

1975 2622 2238 2675 reddidit:
2258 2636 2392 2689 quos
2417 2623 2559 2675 enim
2585 2621 2949 2689 persuadendo
2974 2621 3203 2688 piscatus
3224 2635 3326 2674 non
3353 2624 3516 2674 luerat
3538 2662 3560 2684 ,

1976 2694 2287 2759 perterritos
2310 2691 2451 2759 cepit
2480 2692 2648 2757 vivos,
2682 2690 2886 2759 fulgure
2915 2694 2979 2744 ad
3007 2693 3259 2758 piscatum
3290 2692 3562 2759 suppetias

1975 2759 2198 2815 ferente.
2218 2765 2285 2815 At
2306 2775 2464 2814 nemo
2485 2761 2532 2813 id
2572 2776 2710 2814 novo
2731 2762 2878 2829 gregi
2903 2762 2955 2815 in
2976 2761 3352 2814 contumeliam
3373 2769 3555 2824 vertat,

1975 2832 2116 2900 quod
2142 2831 2365 2900 juvante
2397 2831 2596 2899 fulgure
2634 2830 2773 2898 capti
2801 2831 2908 2900 sint
2939 2847 2953 2882 :
2983 2832 3117 2884 solet
3148 2844 3376 2898 uanique
3404 2829 3557 2884 Citri-

1975 2899 2086 2955 stus
2118 2899 2457 2955 calcitrantes
2494 2900 2668 2968 pullos
2714 2915 2809 2966 per
2843 2899 3017 2968 fulgur
3041 2900 3268 2955 frenare.
3302 2901 3378 2953 Ac
3414 2900 3561 2967 quis-

1974 2972 2093 3041 quis
2119 2971 2255 3025 beati
2283 2969 2431 3041 Pauli
2460 2970 2794 3041 vocationem
2824 2972 2989 3032 novit,
3016 2984 3138 3041 cum
3163 2968 3324 3022 Paulo
3342 2978 3562 3041 vocatus

1973 3038 2224 3102 exsultat,
2244 3050 2298 3094 et
2315 3040 2593 3109 Dominum
2611 3039 2880 3109 Christian
2900 3055 2993 3109 per
3011 3039 3183 3107 fulgur
3200 3038 3557 3109 conspiciens,

1973 3110 2175 3166 Christi
2197 3108 2486 3178 discipulus
2523 3108 2769 3164 efficitur.
2811 3108 2910 3178 Ipsi
2932 3108 3105 3180 gloria
3132 3109 3186 3163 in
3225 3108 3420 3162 saecula
3447 3122 3552 3162 ste-

1976 3182 2241 3236 culorum.
2270 3181 2466 3235 Amen.

278 3304 3554 3331 Ww—

1059 3401 1181 3484 IN
1236 3398 1779 3486 SANCTAM
1828 3399 2692 3487 PENTECOSTEN.

1786 3592 1996 3641 εειικο
2023 3592 2115 3638 ιιι.

1762 3767 2129 3802 -αυοοαω

361 3899 492 3965 Qua:
516 3896 725 3965 linguas
752 3893 913 3950 home
946 3892 1213 3966 distribuit
1238 3899 1442 3966 gratia,
1472 3888 1665 3957 lingua:
1693 3885 1871 3966 inopia

286 3957 408 4027 ιιοῆ
426 3984 513 4022 me
539 3957 666 4037 sinit
696 3965 904 4037 timere,
931 3980 1049 4037 qua:
1075 3957 1366 4037 illiteratos
1383 3961 1529 4013 viros
1560 3957 1742 4037 mundi
1769 3971 1883 4037 ma-

282 4042 489 4112 gistros
518 4036 763 4112 instituit,
790 4051 908 4104 qua?
940 4030 1303 4112 piscatoresitt
1325 4030 1881 4112 rhetorascoomavit,

286 4096 587 4181 pudefactis
613 4121 733 4181 per_
744 4096 1162 4181 extemporalem
1208 4103 1347 4181 illam
1388 4098 1700 4181 sapientiam
1729 4096 1886 4179 hujus

288 4168 475 4236 inundi
513 4168 860 4247 sapientibus.
918 4168 1049 4247 Quo,
1078 4173 1218 4247 enim
1260 4172 1366 4226 alio
1404 4169 1570 4247 modo
1610 4168 1884 4222 hominum

285 4263 481 4322 greges
498 4241 809 4322 idololatria}
830 4247 1016 4322 morbo
1038 4244 1338 4322 laborantes
1352 4241 1418 4294 ad
1435 4241 1683 4322 pietatem
1700 4252 1887 4292 accur-

290 4310 521 4375 rertint'?
564 4317 928 4389 undemultis
975 4314 1206 4389 dominis
1253 4313 1537 4389 obnttxiam
1581 4310 1883 4389 datmonunt

293 4391 606 4446 servitutem
636 4385 1045 4442 dedidicerunt?
1065 4383 1331 4437 undenam
1358 4379 1557 4436 factum
1585 4388 1666 4433 est
1694 4387 1750 4431 ut
1776 4379 1888 4431 cxi-

289 4474 430 4533 guus
464 4458 845 4533 discipulorum
880 4468 1152 4533 _nt_tmerus
1198 4448 1677 4533 ltotttittutnhsitnttl
1725 4456 1887 4533 atque

291 4521 815 4586 dictnonunt'turmis
844 4525 1149 4588 obsistet-et,
1181 4522 1282 4577 nisi
1319 4521 1615 4577 divinitatis
1643 4521 1763 4587 igne
1789 4532 1877 4571 ar-

294 4609 474 4673 matus
496 4598 721 4673 fuisset?
744 4596 912 4650 Hodie
934 4596 1106 4650 fontes
1133 4594 1269 4673 ignei
1291 4593 1479 4673 gratia:
1504 4590 1884 4673 maturior-put,

294 4656 352 4727 et
378 4670 592 4726 ﬂamma
635 4669 940 4723 discurrens
982 4656 1410 4732 auras'Spiritus
1450 4659 1707 4732 pervadit.
1740 4656 1889 4732 Hanc

294 4741 541 4797 Christus
560 4739 783 4809 gratiam
803 4736 1075 4809 discipulis
1090 4727 1680 4809 annutttians_.'_tliceba_t
1707 4745 1724 4783 :
1765 4727 1888 4782 Non

295 4799 686 4882 relinquanivos
731 4799 1009 4882 orphanog
1028 4808 1049 4878 (
1074 4805 1238 4863 Joan.
1299 4802 1481 4882 16:12
1546 4799 1757 4881 :_alium
1777 4813 1886 4882 _vo-

298 4882 387 4936 bis
417 4868 744 4935 [fat-acletum
776 4868 947 4932 mittet
976 4868 1135 4952 Pater
1164 4892 1178 4927 :
1219 4889 1362 4952 namA
1375 4868 1584 4952 Domini
1612 4870 1664 4923 in
1697 4868 1886 4952 cadunt

299 4964 563 5006 ascensus
604 4963 833 5017 sponsor
869 4955 954 5001 est
993 4946 1285 5001 descensus
1316 4942 1558 5017 _Spiritus
1604 4941 1773 4993 sancti
1819 4938 1888 4993 de

301 5023 458 5077 cat-lo.
490 5012 648 5088 Opus
680 5019 824 5074 enim
867 5026 982 5071 erat
1018 5026 1074 5071 ut
1103 5017 1150 5088 ii_
1176 5020 1265 5085 qui
1308 5012 1488 5068 Jesutn
1532 5017 1885 5088 receperant,

300 5082 559 5162 Spiritum
581 5104 804 5162 quoque
825 5097 1063 5162 sanctum
1089 5082 1455 5162 advenientetltt
1485 5082 1807 5149 acciperent,
1831 5087 1888 5132 ut

299 5153 498 5219 divinat
525 5153 842 5231 cognitionis
864 5157 1101 5231 doctrina
1128 5157 1192 5209 ad
1214 5153 1582 5223 perfectioretn
1605 5163 1886 5206 ascensum

299 5228 628 5287 acettrrcret.
667 5230 824 5285 Jcsus
868 5229 1068 5295 itaque,
1088 5228 1313 5279 humana
1356 5231 1655 5295 assutnpta_
1675 5231 1884 5295 natura,

300 5302 609 5357 hominibus
636 5291 990 5353 consctttanea
1039 5296 1254 5350 indutus
1295 5293 1586 5363 spt'cte.ad
1624 5291 1878 5363 Spiritum

301 5382 548 5428 sanctum
576 5370 967 5437 suscipiendum
1023 5366 1264 5420 homines
1289 5360 1476 5437 erexit.
1507 5362 1638 5416 Nam
1686 5360 1883 5437 Aditus.

301 5444 401 5507 ait,
443 5442 601 5494 multa
626 5429 781 5493 hab-eo
817 5438 1092 5497 dicere.sed
1111 5452 1228 5507 non
1273 5434 1474 5507 potestis
1512 5443 1730 5507 portare.
1760 5429 1888 5484 Cum

301 5503 475 5565 autem
505 5512 687 5564 uenerit
736 5507 1052 5571 I’aracletus,
1085 5506 1309 5573 Spiritus
1349 5505 1587 5567 veritatis,
1627 5503 1773 5554 ducet
1801 5516 1888 5573 vos

300 5584 359 5637 in
381 5598 576 5635 omnem
607 5581 858 5633 veritatem
888 5576 1065 5648 (Joan.
1096 5571 1181 5648 Ι
1218 5576 1329 5648 18)..
1361 5572 1536 5648 Exibit
1579 5581 1695 5648 post
1722 5586 1807 5648 me
1844 5571 1889 5625 is

300 5654 508 5725 quiest
542 5650 780 5725 ejusdem
809 5642 1390 5725 ιιιθριιιι-ιςιιιιειειηιίωι
1417 5642 1662 5725 adveniet
1696 5642 1770 5725 ad.
1791 5654 1888 5694 vos

303 5712 355 5780 i's
382 5722 472 5789 qui
498 5712 665 5775 est'ex
696 5720 883 5789 Patre,
900 5717 1042 5772 Patri
1073 5731 1169 5785 par
1193 5713 1483 5770 secundum
1511 5712 1885 5789 substantiam.

303 5791 385 5849 Ea
403 5781 570 5851 igitur
592 5806 712 5862 quae
742 5781 918 5843 verbis
945 5781 1283 5862 acceperant,
1309 5798 1472 5853 Opere
1496 5781 1758 5851 completa
1788 5795 1886 5834 no-

305 5874 554 5924 verunt;
601 5856 828 5933 {piorum
876 5856 1283 5928 promissionem
1334 5863 1683 5924 acceperant,
1721 5866 1886 5923 expe-

1987 3884 2230 3940 rientiam
2261 3881 2663 3952 exspectabant.
2693 3880 2818 3935 Cum
2847 3881 3217 3952 complerentur
3245 3881 3352 3935 dies
3382 3879 3567 3936 Pente-

1987 3967 2146 4009 castra
2173 3956 2305 4027 (Act.
2328 3953 2381 4008 2.
2404 3954 2481 4027 1),
2515 3952 2683 4006 Breve
2713 3953 2969 4027 temporis
2994 3952 3219 4027 spatium
3249 3952 3340 4027 fuit
3370 3955 3567 4027 Ascen-

1988 4022 2192 4081 sionetti
2222 4027 2360 4078 inter
2379 4032 2433 4075 et
2453 4024 2765 4077 descensum
2782 4022 3011 4088 Spiritus
3041 4023 3207 4075 sancti
3232 4040 3244 4073 :
3269 4022 3570 4077 Servatoris

1993 4095 2275 4166 promissio
2305 4095 2432 4162 ipsis
2462 4094 2620 4166 rebus
2639 4102 2694 4147 et
2717 4093 2966 4166 operibus
2988 4093 3185 4166 exitum
3207 4091 3408 4166 habuit.
3429 4092 3570 4166 Apof

1988 4162 2248 4220 stolarum
2277 4179 2405 4233 ergo
2429 4164 2624 4217 chorus
2650 4162 3052 4231 promissionem
3075 4162 3393 4215 dominicam
3419 4163 3569 4229 quasi

1989 4236 2276 4292 anchoram
2316 4243 2529 4298 nactus,
2564 4233 2795 4302 Spiritus
2836 4235 3166 4300 praisentiam
3211 4234 3571 4299 exspectabat.

1990 4307 2229 4376 Cumque
2267 4305 2473 4359 dierutn
2504 4319 2694 4376 cursus
2737 4302 3338 4376 adiquittquagenaritnn
3367 4318 3573 4376 Διιιιιιιει-

1989 4394 2108 4432 runt
2141 4372 2463 4432 devenisset.
2489 4374 2702 4444 quando
2731 4374 2930 4444 scilicet
2960 4373 3249 4426 secundum
3272 4372 3409 4444 legis
3438 4388 3574 4444 ιιι-ει·-

1990 4457 2204 4517 ceptum
2226 4454 2428 4514 septem
2451 4442 2841 4517 hehdontadum
2863 4442 3407 4517 circttitus‘revolotns
3428 4443 3575 4496 festis

1990 4510 2238 4585 utrinque
2288 4510 2939 4585 circumscribitur-Ltunc
3000 4512 3231 4585 Spiritus
3281 4510 3574 4565 descensus

1986 4589 2106 4642 fuit.
2126 4581 2230 4643 Sed
2253 4600 2359 4640 non
2385 4599 2621 4645 carnem,
2649 4593 2706 4637 ut
2724 4581 2912 4646 Filius,
2940 4583 3194 4650 suscepit,
3224 4596 3323 4634 ttec
3346 4585 3573 4636 lnnnana

1990 4656 2161 4711 forma
2190 4657 2660 4727 apparuit,_tteque
2706 4654 2843 4705 sicut
2887 4653 2937 4705 in
2959 4650 3452 4727 liuentisdordanjs
3479 4667 3573 4727 co-

1992 4728 2185 4782 luntst
2212 4721 2418 4794 species
2448 4724 2674 4794 Spiritus
2722 4722 3060 4791 pra-sentiam
3092 4721 3363 4794 indicavit.
3391 4721 3571 4794 Domi-7

1991 4799 2107 4853 nica
2135 4790 2364 4866 namque
2392 4790 2684 4866 substantia
2710 4790 2830 4866 (tuo
2848 4793 2959 4866 vult
3000 4791 3160 4866 modo
3187 4801 3428 4866 apparet.
3467 4790 3573 4847 Sed

1991 4862 2292 4922 tonitruum
2312 4865 2462 4935 quasi
2495 4864 2617 4918 tuba
2643 4863 2712 4918 de
2737 4864 2869 4918 cmlo
2902 4862 3211 4935 insonabat,
3229 4862 3405 4935 sonitu
3429 4869 3579 4935 tanto

1990 4939 2229 4992 auditum
2259 4932 2473 4990 omnem
2510 4949 2769 5002 superans
2797 4951 2811 4987 :
2844 4942 2898 4986 ct
2938 4933 3149 4987 flamma
3199 4932 3441 4986 involans
3473 4934 3575 4989 litt-

1989 5024 2122 5079 gttas
2144 5008 2325 5079 igneas
2360 5006 2565 5079 peperit
2592 5022 2605 5057 :
2639 5005 2773 5079 ignis
2817 5003 3009 5079 divisio
3038 5015 3209 5057 mater
3239 5003 3338 5079 fuit
3369 5003 3577 5079 lingua-

1990 5072 2110 5133 rum
2145 5072 2478 5145 :vdispcr'titie
2502 5072 2692 5145 lingutc
2719 5074 3097 5145 discipulorum
3122 5072 3573 5145 verticibus‘iusi-

1992 5149 2209 5203 debant.
2259 5140 2717 5214 Hujusmodi'l'uit
2755 5140 2983 5211 Spit-itus
3027 5143 3345 5199 adventus‘.
3387 5140 3578 5214 Neque

1990 5221 2136 5274 enim
2155 5218 2269 5271 sine
2289 5212 2471 5281 causa,
2502 5229 2601 5270 nec
2631 5226 2686 5268 ut
2714 5215 3006 5276 festinaret,
3037 5214 3230 5268 festum
3270 5212 3398 5267 illud
3425 5212 3568 5267 tleie~

1990 5292 2095 5358 git;
2149 5303 2320 5358 neipte
2367 5298 2645 5358 postquam
2690 5285 2882 5340 festum
2936 5285 3212 5355 pneteriit,
3257 5283 3575 5358 descensum

1991 5351 2527 5415 cxltiltet.‘Cur'hoc‘?
2578 5354 2711 5409 Tres
2753 5351 2953 5408 tantum
3007 5364 3133 5408 sunt
3174 5353 3314 5422 apud
3360 5351 3574 5407 Judteos

1993 5430 2218 5499 publicae
2247 5428 2632 5499 solemnitates.
2674 5424 2851 5480 Prima
2884 5425 3175 5489 Paschalis,
3204 5427 3255 5499 in
3282 5439 3382 5489 qua
3419 5436 3573 5475 ovem

1992 5495 2353 5559 immolantes,
2387 5511 2568 5551 Verum
2603 5496 2808 5564 Agnum
2851 5509 2956 5549 non
2995 5495 3381 5563 agnoscebant.
3414 5500 3465 5544 ct
3495 5500 3575 5564 ty-

1991 5585 2119 5639 pum
2143 5569 2465 5639 honorantes
2489 5566 2540 5618 in
2563 5561 2676 5639 typi
2696 5579 2923 5639 causam
2944 5561 3121 5632 inique
3140 5564 3363 5639 agebant
3388 5579 3401 5614 :
3423 5561 3575 5639 cujus

1991 5633 2136 5696 enim
2178 5638 2420 5693 umbram
2451 5633 2805 5701 honorabant,
2838 5636 2993 5704 hujus
3025 5634 3363 5703 prtusetttiam
3404 5633 3575 5685 deho-

2056 5797 2075 5829 ι
2110 5802 2161 5845 ιιι
2183 5801 2346 5856 Greco
2368 5792 2649 5856 hicpbrasis
2662 5789 2896 5843 articulus
2916 5788 3239 5852 interponitur
3260 5796 3272 5838 :
3291 5796 3420 5839 natio
3446 5787 3577 5842 diem

1990 5856 2132 5922 elegit
2152 5854 2342 5909 ceteris
2362 5854 2666 5921 améponm.
