2022 3188
244 175 293 203 8M

242 229 392 258 nestahant.
406 229 527 256 Secunda
541 234 601 264 post
621 228 692 255 illam
704 228 861 256 Pentecoste
877 232 1034 264 vocata,_se-

244 270 352 299 plenum
362 262 557 291 hebdomadam
567 264 681 299 spatium
690 263 877 297 occupabatJu
886 262 928 290 his
934 262 1037 299 umbra:

243 297 277 327 ad
303 300 399 327 deserti
427 297 611 326 imitationem.
642 299 687 325 ll:e
715 299 897 325 solemnitates
930 297 1037 325 .ludmos

243 335 322 362 simul
339 342 389 361 una
415 335 440 360 in
463 334 568 360 civitate.
591 333 797 368 congregabant.
820 334 886 367 Quia
910 333 989 367 igitur
1010 333 1036 359 in

245 370 334 404 priore
353 376 416 396 crux
435 368 522 395 deﬁxa
545 368 602 400 l'nit,
617 368 705 403 passio
720 369 844 404 exaltata,
861 374 887 395 et
910 369 1037 404 hactenus

244 403 297 431 iota
309 404 461 431 Juda20rum
479 404 550 430 natio
570 404 713 438 Spectatrix
730 403 795 436 fuit;
815 411 846 430 ac
860 403 1037 430 resurrectio-

244 440 285 466 nis
309 439 465 466 miraculum
494 443 588 472 sponte
613 438 778 473 ignorabant.
806 446 857 465 non
880 438 1035 470 credebant,

243 473 454 507 abscondebant,
475 474 724 500 calntmiiabantur:
741 479 801 508 post
811 474 933 507 primatu.
950 473 974 499 in
986 480 1036 506 qua

243 517 337 536 omnes
351 509 503 535 .luda‘orum
521 509 613 540 tribus,
629 516 660 535 ex
683 509 749 543 legis
766 514 898 543 pra-cepto
913 508 1036 535 eumdem

243 545 268 571 in
289 545 374 571 locum
390 544 629 578 congregabantur,
650 545 731 578 gratia
755 548 858 577 tempus
880 544 1035 575 observans,

244 581 269 606 in
281 579 426 612 discipulos
439 579 592 610 eﬂ‘undilur,
603 584 630 605 et
640 579 756 605 omnium
768 579 859 605 oculos
871 583 948 612 atque
958 585 1037 604 aures

241 614 274 640 ad
286 622 315 641 se
332 615 472 644 convertit.
488 618 516 640 ut
533 614 631 640 dnntnn
659 614 683 640 in
700 614 798 640 Christi
812 614 956 647 discipulos
969 612 1036 639 ellu-

242 656 312 680 sum,
328 650 414 683 ipsum
441 649 619 676 resurrexisse
644 649 847 680 testiﬁcaretur;
877 653 903 675 et
921 649 943 674 si
961 647 1037 675 Chri-

241 691 313 712 stum
324 684 501 711 resurrexisse
517 692 569 710 non
583 684 734 716 crederent,
751 684 820 710 dona
834 685 867 710 de
881 684 947 710 ca‘lo
964 683 1037 710 vide-

241 724 302 746 rent
324 728 330 746 :
358 720 380 746 si
410 721 579 745 mitterentur
604 719 648 753 qni
675 719 827 753 sepulcrum
855 718 1035 753 obsignarent,

241 755 387 782 callestium
415 754 602 780 miraculorum
630 758 793 788 spectatores
818 758 917 781 essent.
949 754 1036 780 Sonns

244 790 335 823 itaque
357 790 464 816 tonitrui
480 789 578 821 adluit,
594 794 620 816 et
635 789 701 823 ignis
716 789 749 816 de
765 789 830 816 Czt'it)
850 794 880 816 et
894 790 979 815 virtus
997 788 1038 814 di-

244 825 305 850 vina
332 824 447 858 Spiritus
470 823 611 850 adventum
634 824 852 851 testiﬁcabantur.
878 824 922 851 Sic
949 824 1036 857 itaque

243 859 306 885 olim
322 862 346 885 in
361 863 451 885 monte
460 858 521 885 Sina
536 859 641 886 ﬂamma
655 860 881 891 commovebatur,
895 864 921 886 et
932 858 1036 893 Moyses

242 895 269 920 in
284 894 371 920 medio
385 894 452 928 ignis
462 894 494 920 ad
512 894 596 928 legem
608 894 745 921 ferendam
759 894 957 922 instituebatur.
973 894 1034 920 Alia

242 937 313 956 ntlnc
331 929 493 955 sublnnioris
509 929 575 963 ignis
591 930 696 956 ﬂamma
714 930 852 962 involavit,
868 937 925 964 quae
942 930 968 955 in
978 937 1037 955 ver—

244 965 338 991 ticibus
352 964 532 999 apostolorum
548 964 653 990 insedit.
673 965 737 991 Nam
757 965 778 991 is
793 965 836 999 qui
851 969 913 991 tunc
928 964 1035 999 Moysen

244 1000 367 1025 tttovitatl
383 1000 455 1033 leges
475 998 602 1026 Ha‘brmis
618 1000 750 1033 lerendas,
766 1001 822 1026 haec
835 1007 904 1026 nunc
918 1000 950 1025 ad
972 998 1036 1033 gen-

240 1034 305 1061 tium
328 1035 440 1060 salutent
462 1034 543 1060 edidit
558 1043 565 1061 :
581 1039 742 1069 quapropter
757 1040 874 1061 veterum
895 1034 1035 1060 miraculo-

240 1077 298 1096 l‘llnt
317 1069 443 1096 memoria
459 1070 534 1096 novis
548 1069 663 1096 admixta
687 1070 735 1096 luit
751 1078 758 1096 :
782 1077 942 1103 rursumque
967 1069 1035 1103 ignis

240 1104 267 1130 in
280 1104 368 1131 medio
381 1105 489 1135 sistitur,
503 1109 531 1130 ut
545 1112 577 1131 ex
591 1105 763 1131 similitudine
778 1104 921 1139 spectaculi
938 1105 1035 1138 proba-

240 1144 314 1166 retur
329 1140 401 1165 illutn
415 1139 500 1172 ipsum
514 1146 573 1166 esse
593 1140 686 1172 Deum,
700 1141 744 1174 qui
763 1140 936 1174 prasenlibus
952 1139 1033 1165 mira-

240 1174 307 1201 culis
322 1174 399 1201 lidem
415 1175 524 1201 laceret.
538 1174 627 1201 Gratia
643 1180 731 1202 autem
756 1175 782 1202 in
804 1175 951 1209 linguarum
970 1175 1034 1209 lign-

240 1216 284 1235 ras
298 1209 473 1242 distribuitur,
491 1214 519 1235 ut
540 1210 600 1236 illas
621 1210 795 1244 suscipientes
807 1210 929 1237 doctores
943 1209 1035 1236 ellit-e-

242 1248 293 1276 rel,
303 1250 329 1270 ut
342 1244 366 1270 in
384 1245 442 1277 igne
455 1244 630 1276 ambulantes,
642 1243 759 1279 magistri
772 1245 845 1271 orbis
857 1250 956 1271 essent.
967 1243 1033 1270 Cum

240 1279 304 1305 olim
322 1287 372 1305 una
393 1287 441 1305 vox
458 1282 485 1305 et
504 1279 590 1313 lingua
610 1280 728 1306 omnium
748 1285 829 1312 esset,
844 1280 930 1306 audax
953 1280 1034 1306 turris

240 1315 404 1349 constructio
421 1314 569 1349 linguarum
590 1314 746 1341 divisionem
771 1315 858 1341 intulit
874 1324 880 1341 :
897 1320 923 1341 et
946 1322 1031 1349 pugna

240 1348 390 1384 linguarum
417 1348 514 1375 bellum
537 1349 562 1375 in
588 1349 668 1376 carlos
691 1354 841 1384 susceptum
865 1349 966 1376 sedavit
981 1348 992 1376 :7
1002 1357 1033 1377 ac

240 1382 337 1420 linguae
351 1384 498 1420 innumerte
509 1419 512 1420 ν
523 1384 669 1411 innumeris
684 1382 788 1411 emissa:
802 1385 875 1411 sonis
898 1390 1032 1420 perterre-

239 1418 382 1451 faeiebant,
395 1418 441 1445 sed
454 1419 572 1445 auditum
587 1427 639 1445 non
654 1427 733 1446 unum
755 1418 923 1451 reperiebant
939 1420 972 1446 ad
987 1427 1032 1446 so-

240 1461 303 1480 num
317 1453 390 1480 vocis
408 1458 569 1480 annuenlem
588 1454 656 1481 :sed
677 1455 760 1481 divisa
782 1453 867 1489 lingua
887 1456 1033 1482 sententias

237 1496 343 1524 quoque
357 1489 494 1519 diviserat,
511 1494 537 1515 et
561 1490 646 1515 soluta
670 1491 755 1524 lingua
781 1498 874 1516 Inauus
898 1491 1031 1524 alligabal.

238 1522 313 1550 Nunc
328 1528 415 1551 autem
429 1525 512 1558 gratia
525 1524 608 1550 divisa
622 1522 717 1558 linguis
728 1533 774 1550 ora
789 1526 812 1551 in
825 1522 1033 1558 uniuscujusque

238 1558 354 1592 linguam
379 1560 495 1592 collegit,
520 1560 647 1585 dot-trime
674 1560 801 1585 terminos
825 1561 982 1591 extendens,
1006 1564 1034 1586 et

238 1595 335 1620 multas
361 1593 421 1620 lidei
447 1594 503 1620 vias
524 1595 656 1628 aperiens.
683 1595 705 1621 0
728 1595 858 1628 stupenda
886 1595 1030 1621 miracula!

237 1628 551 1663 apostolusloquebatur,
566 1634 591 1655 et
614 1629 692 1655 ludus
715 1630 879 1661 docebatur;
904 1629 1032 1656 Hebrtcus

237 1663 405 1699 loquebatur,
428 1667 462 1699 ret
491 1663 619 1690 barbarus
647 1665 851 1695 instituebatur;
880 1665 963 1699 gratia
987 1673 1033 1699 per

237 1705 332 1733 sonum
345 1698 540 1730 eﬂ'undebatnr,
556 1704 583 1726 et
603 1701 706 1725 auditus
723 1700 830 1725 verlunn
853 1698 1029 1733 percipiebat;

237 1732 327 1769 Gntthi
342 1741 433 1769 vocem
450 1740 588 1766 noverant,
604 1739 629 1761 et
654 1734 795 1768 {Ethiopes
818 1732 932 1769 linguam
949 1742 1029 1769 agno-

236 1768 364 1800 scebant;
392 1768 482 1795 Persa:
498 1769 648 1803 loquentem
665 1768 873 1803 admirabantur,
896 1776 923 1797 et
942 1768 1030 1804 populi

237 1804 342 1830 barbari
364 1803 396 1830 ab
410 1812 459 1831 una
473 1804 559 1839 lingua
576 1804 752 1840 irrigabantur
765 1813 772 1837 ;
796 1810 925 1840 quantum
940 1803 1032 1833 natura

1004 170 1136 199 SPURIA.
1829 173 1876 203 812

1090 235 1189 266 genere
1202 227 1435 266 tnnltlplicabatur,
1442 231 1549 266 tantum
1560 228 1644 264 gratia
1655 229 1879 266 linguisrditesce-

1091 262 1243 299 batalgnis
1273 268 1367 290 natura
1393 264 1479 291 divisa
1504 262 1685 298 operationem
1696 262 1877 299 'muluplicat.

1090 297 1188 324 Gratia:
1203 305 1317 332 namque
1327 299 1426 325 divitia:
1444 299 1503 325 l'ons
1513 297 1618 326 luminis
1631 304 1703 326 sunt.
1715 297 1880 330 Rursumque

1091 337 1184 368 natura
1208 334 1275 367 ignis
1297 333 1359 360 dum
1385 334 1436 360 alta
1461 335 1576 368 attingit,
1600 342 1650 361 non
1677 333 1815 365 minuitur.
1835 340 1879 362 sed

1089 366 1152 404 dum
1179 369 1399 404 communicatur,
1415 366 1563 396 acori-:cit:
1587 370 1625 396 sic
1648 374 1675 396 et
1695 371 1780 404 gratia
1799 370 1879 397 eﬂusa

1090 402 1189 439 ﬂuenta
1205 410 1250 429 sua
1271 403 1435 437 multiplicat.
1458 404 1514 431 Una
1535 404 1641 431 lucerna
1664 402 1724 439 ane
1743 411 1881 432 sexcentas

1090 438 1159 498 parit
1178 438 1258 470 l‘aces,
1276 446 1334 472 qua:
1347 446 1441 465 omnes
1455 439 1600 473 splendida:
1621 438 1718 471 lucent.
1734 446 1761 467 et
1775 441 1880 467 luminis

1101 473 1175 498 ultzor
1192 480 1243 498 non
1265 474 1406 498 abscedit:
1428 474 1466 498 sic
1488 475 1572 498 gratia
1592 474 1706 498 Sniritus
1720 475 1753 498 ah
1773 476 1831 498 aliis
1856 476 1879 498 in

1101 473 1175 509 uigor
1192 480 1243 499 non
1259 474 1406 509 abscedit:
1428 474 1466 500 sic
1488 475 1572 508 gratia
1592 474 1706 509 Spiritus
1720 475 1753 501 ab
1773 476 1831 502 aliis
1856 476 1881 502 in

1090 507 1157 546 alios
1169 508 1325 546 procedens,
1335 513 1368 546 et
1382 509 1440 535 illos
1458 507 1553 546 repleti,
1563 516 1589 536 et
1600 507 1646 536 eos
1664 517 1677 535 a
1690 510 1786 544 quibus
1798 510 1879 546 proﬁ-

1090 543 1206 578 ciscitnr.
1222 543 1312 570 Gratia
1334 543 1412 577 igitur
1433 544 1518 578 primo
1540 545 1566 571 in
1589 543 1724 578 apostolos
1747 543 1833 577 venit,
1855 551 1881 572 et

1090 576 1139 604 hos
1150 578 1224 611 quasi
1244 586 1332 605 arcem
1348 576 1465 613 capiens,
1480 586 1511 605 ac
1526 586 1574 613 per
1586 576 1632 606 eos
1647 580 1672 606 in
1693 580 1786 607 ﬁdeles
1798 576 1880 607 exun—

1089 613 1166 648 dans,
1181 613 1267 639 omnia
1284 614 1385 647 replet;
1406 614 1498 648 gratia:
1512 622 1625 648 namque
1637 613 1735 642 ﬂuenta
1752 624 1803 641 non
1816 623 1880 642 cou~

1092 647 1240 684 trahuntur.
1258 647 1326 682 Ignis
1347 647 1425 683 igitur
1447 648 1535 683 lingua
1550 647 1684 681 involavit,
1698 650 1786 684 quivis
1799 650 1879 676 disci-

1091 683 1167 717 pulus
1181 683 1291 709 milliqu
1308 684 1456 718 linguarum
1471 685 1665 718 receptaculum
1680 683 1747 715 erat.
1759 692 1791 712 ac
1810 693 1880 718 pra:-

1089 722 1178 744 sentes
1187 718 1228 754 illi
1243 719 1453 753 alloqueliantur,
1469 719 1502 745 ad
1523 720 1668 746 certamina
1686 720 1881 754 praedicationis

1090 760 1119 779 se
1132 753 1307 780 c0nlereutes.
1323 754 1372 786 Qui
1389 754 1516 781 miraculo
1539 753 1693 788 pra-sentes
1706 760 1791 784 erant.
1806 755 1880 782 thea.

1091 793 1161 814 trum
1183 789 1397 815 constituebant:
1413 789 1505 815 aderat
1519 794 1545 816 et
1567 789 1706 816 multitudo
1729 790 1880 817 auditorum

1090 830 1188 857 genere
1209 823 1428 858 discrepantium.
1446 831 1494 851 nec
1509 825 1602 851 deerat
1624 824 1711 859 lingua
1724 826 1879 859 apostolica,

1089 865 1147 894 qua:
1161 859 1274 892 propriis
1284 859 1380 893 cuique
1394 859 1482 886 verbis
1501 859 1667 893 praedicaret.
1684 860 1749 886 Nam
1764 860 1839 894 quasi
1855 862 1880 887 in

1089 893 1203 931 tinctura
1215 894 1326 928 quadatn
1341 894 1540 931 igniscontactu
1554 902 1646 931 vocem
1657 893 1828 931 accipientes,
1839 902 1881 931 co-

1088 929 1233 962 gnitionem
1245 936 1298 955 non
1315 929 1433 963 tempore
1447 934 1547 963 partam
1560 929 1734 963 accipiebant.
1751 930 1817 956 lides
1833 930 1882 956 do-

1089 963 1209 999 cebatur.
1220 965 1304 998 gratia
1315 964 1483 991 admirationi
1495 969 1563 995 erat,
1572 965 1642 991 Dens
1654 965 1879 999 cognoscebatnr;

1089 998 1136 1024 sed
1151 998 1258 1025 .Inda’us
1281 999 1393 1030 ridebat,
1410 1003 1437 1026 et
1460 999 1616 1026 miraculum
1639 998 1792 1026 ebrietatem
1817 1007 1881 1027 esse

1088 1033 1287 1069 criminabatur,
1308 1038 1335 1069 et.
1358 1035 1450 1069 gratia:
1472 1035 1627 1069 mysterium
1650 1035 1701 1061 vini
1725 1036 1786 1061 novi
1812 1043 1881 1069 opus

1089 1075 1150 1104 esse
1167 1068 1281 1099 dicebat,
1308 1068 1403 1101 Musio,
1423 1068 1524 1103 inquit,
1540 1070 1608 1104 pleni
1623 1075 1689 1096 sunt.
1705 1069 1727 1097 0
1747 1068 1879 1103 ingratum

1090 1103 1208 1129 animum
1224 1104 1324 1130 Judwis
1345 1105 1462 1131 innatum
1476 1105 1482 1131 l
1499 1103 1616 1138 Tempus
1626 1105 1721 1138 cogita,
1737 1104 1840 1136 Juda‘e,
1853 1111 1880 1131 et

1090 1138 1206 1173 linguam
1222 1139 1429 1166 calntnniantem
1447 1140 1603 1173 comprime.
1625 1140 1737 1167 Ubinam
1762 1145 1878 1167 mustum

1086 1173 1140 1207 jam
1154 1177 1298 1201 accedente
1317 1174 1411 1201 meSsis
1428 1174 1569 1208 tempore?
1592 1182 1654 1202 vere
1677 1175 1782 1201 ineunte
1796 1183 1877 1209 quor-

1088 1216 1147 1244 sutn
1163 1210 1242 1235 musti
1254 1210 1376 1236 mentio?
1388 1209 1584 1243 Tempestatem
1596 1210 1659 1236 anui
1673 1215 1758 1236 tecum
1772 1216 1877 1244 reputa,

1089 1248 1115 1270 et
1129 1243 1244 1278 linguam
1260 1244 1346 1271 frena.
1361 1244 1429 1277 Quid
1445 1246 1524 1279 igitur
1538 1245 1641 1277 Petrus,
1654 1244 1699 1279 qui
1713 1245 1812 1279 Spiritu
1826 1246 1879 1279 pri-

1088 1286 1146 1305 mas
1161 1279 1277 1315 tenebat,
1292 1279 1337 1314 qui
1362 1280 1444 1314 gratia
1467 1280 1628 1312 abundabat,
1643 1281 1688 1315 qui
1704 1281 1763 1314 igne
1785 1281 1879 1315 plenus

1088 1316 1165 1340 erat?
1180 1314 1279 1349 Lingua
1293 1322 1339 1341 sua
1354 1316 1438 1342 utitur
1450 1315 1482 1341 ad
1498 1315 1603 1350 linguas
1615 1314 1803 1350 delendetnlas.
1817 1314 1877 1341 Non

1087 1350 1165 1382 enim,
1179 1350 1242 1376 sicut
1253 1357 1295 1376 vos
1309 1351 1449 1381 restituatis.
1466 1350 1492 1376 Ιιί
1512 1349 1573 1376 ebrii
1591 1354 1649 1385 sunt
1670 1350 1679 1385 (
1694 1351 1748 1376 Act.
1760 1349 1787 1375 ‘2.
1802 1349 1852 1384 l8)
1869 1358 1876 1379 ;

1089 1384 1133 1411 sed
1157 1385 1203 1411 hoc
1214 1389 1249 1411 est
1266 1386 1333 1418 quod
1353 1385 1446 1411 dictum
1462 1390 1497 1412 est
1521 1393 1565 1419 per
1582 1384 1680 1412 Joelettt
1706 1385 1855 1419 prophetam
1869 1393 1877 1411 :

1089 1418 1232 1452 E/fundam
1245 1420 1276 1446 de
1291 1420 1391 1454 Spiritu
1405 1429 1458 1446 meo
1473 1419 1548 1455 (qul'lr
1570 1420 1598 1446 ‘2.
1618 1420 1674 1454 28).
1689 1418 1800 1453 Pelagus
1814 1427 1876 1455 gra-

1088 1455 1183 1481 tiarum
1195 1456 1337 1482 annuntiat
1347 1454 1485 1489 propheta.
1502 1454 1652 1488 E/I’nndam,
1668 1455 1760 1489 inquit,
1774 1455 1804 1481 de
1816 1454 1878 1489 Spi-

1088 1490 1139 1516 ritu
1154 1498 1218 1516 meo.
1232 1491 1267 1516 At
1280 1498 1343 1516 mnn
1356 1490 1471 1516 cohibita
1485 1490 1581 1517 deinde
1595 1495 1656 1516 sunt
1671 1489 1786 1516 ﬂuenta?
1800 1498 1834 1516 an
1845 1490 1877 1517 ad

1088 1524 1195 1551 Judazos
1210 1529 1311 1552 tantum
1325 1525 1552 1552 circumscribitur
1562 1525 1678 1552 donum?
1694 1525 1874 1558 Nequaquam.

1088 1558 1239 1592 Effundam,
1252 1561 1346 1594 inquit,
1360 1568 1437 1594 stiper
1447 1568 1543 1587 onmem
1554 1568 1662 1586 carnem.
1676 1560 1876 1586 Prmdictionem

1087 1602 1146 1620 cum
1159 1595 1315 1628 didieeritis,
1329 1596 1429 1622 exitum
1443 1595 1538 1622 videte.
1556 1595 1686 1621 Prwvenit
1698 1595 1876 1628 propheticum

1088 1629 1205 1663 linguam
1226 1630 1312 1664 lingua
1338 1630 1461 1664 Spiritus.
1482 1630 1567 1664 Hujus
1580 1630 1657 1656 nobis
1677 1630 1768 1664 gratiae
1782 1630 1876 1656 stillam

1088 1664 1190 1691 infundi
1201 1672 1350 1698 precemur,
1360 1670 1387 1691 ut
1399 1665 1584 1692 miraculorum
1597 1667 1750 1692 memoriam
1760 1666 1876 1691 retinen-

1089 1704 1128 1726 tes
1145 1701 1235 1734 gratia:
1259 1700 1360 1727 lucrum
1377 1705 1508 1727 metamus
1523 1709 1529 1726 :
1547 1700 1623 1727 facile
1638 1708 1752 1734 namque
1777 1700 1873 1726 donum

1088 1735 1210 1766 mittitur.
1226 1735 1248 1762 si
1275 1736 1396 1762 voluntas
1421 1736 1579 1769 reperiatur.
1602 1735 1659 1769 Ipse
1684 1742 1796 1767 namque
1811 1735 1876 1761 Deus

1087 1775 1129 1810 est
1143 1770 1187 1810 qui
1201 1774 1329 1810 operatur;
1339 1770 1427 1810 omnia
1448 1771 1612 1810 inmunibus
1627 1779 1633 1796 :
1650 1770 1833 1810 ipsi‘potestas
1852 1775 1874 1796 et

1089 1805 1229 1839 imperium
1243 1805 1269 1832 in
1286 1805 1388 1833 inﬁnita
1404 1806 1500 1833 secula
1514 1806 1682 1833 saeculorum.
1699 1806 1794 1832 Amen.
