4044 6374
385 371 482 425 κξξι

387 485 544 539 ducta
567 480 664 536 fuit
684 520 700 544 ,
727 493 788 538 ut
812 490 991 549 postea
1022 478 1298 549 vinceret,
1327 477 1492 549 homo
1532 490 1702 530 novus
1731 475 1966 549 ingredi-

395 565 512 618 tur,
541 545 826 606 comitatus
849 550 1044 604 virtute
1067 548 1316 617 Spiritus.
1361 547 1683 616 Propterea,
1725 550 1861 599 sicut
1886 545 1970 600 di-

391 625 499 684 xit,
547 621 847 690 Ductusest
888 637 919 673 a
967 620 1165 690 Spiritu
1201 619 1253 671 in
1293 618 1561 690 desertum,
1606 627 1659 690 ut
1701 625 1974 690 tentaretur

391 692 607 761 (Matth.
637 692 689 745 4,
727 689 773 762 t)
814 709 826 745 :
856 691 933 744 sic
954 687 1172 762 quando
1189 688 1485 762 revertitur:
1498 695 1556 762 ut
1577 687 1769 762 victor,
1801 687 1926 762 dicit
1956 703 1970 740 :

390 756 543 817 Jews
577 756 1007 814 autem'reversu's
1042 770 1113 814 est
1154 759 1207 811 in
1243 760 1422 826 virtute
1448 756 1670 826 Spiritus
1711 773 1741 808 a
1780 756 1972 809 deserto

392 831 551 903 (Luc.
582 834 633 887 4.
670 832 786 903 it).
815 831 1009 886 Habuit
1052 831 1207 903 igitur
1244 844 1370 883 caro
1402 825 1653 903 Spiritum
1692 834 1929 903 sanctum
1952 866 1968 892 ,

391 896 498 957 neu
527 896 1040 971 partem'donorum,
1073 896 1211 971 sicut
1236 914 1337 971 nos
1353 940 1367 963 ,
1398 914 1517 971 cum
1546 898 1632 971 uni
1665 896 1925 971 sapientia
1950 934 1965 959 ,

390 965 543 1025 alteri
581 972 799 1025 scientia
829 971 985 1023 datur
1018 971 1093 1039 (1.
1132 969 1249 1023 Cor.
1281 969 1368 1022 12.
1400 967 1455 1040 8)
1487 986 1498 1020 :
1533 965 1627 1021 sed
1666 966 1842 1040 omnia
1874 965 1973 1040 lia-

393 1042 509 1096 buit
541 1042 698 1095 dona.
732 1040 787 1094 ltt
816 1035 1042 1094 veritate
1073 1041 1259 1094 anxius
1286 1053 1401 1092 sum
1432 1035 1485 1091 et
1514 1046 1703 1099 tremo,
1736 1052 1801 1090 ne
1828 1035 1975 1089 infir-

393 1113 554 1164 mitas
581 1111 773 1177 lingua:
798 1112 1044 1164 obscuret
1074 1108 1487 1177 magnitudinem
1518 1109 1633 1175 ejus
1671 1106 1808 1176 quod
1838 1120 1976 1173 prte-

393 1127 554 1164 nntas
581 1127 651 1164 nn
693 1127 773 1165 nte
798 1127 1044 1164 ouscuret
1074 1127 1487 1177 magnitudinem
1518 1127 1633 1175 ejus
1671 1127 1808 1176 quou
1840 1127 1971 1173 pra:-

393 1181 623 1236 dicatur.
651 1127 816 1251 fgilur
841 1194 1033 1251 cmpos
1057 1180 1259 1233 Domini
1284 1190 1337 1234 et
1365 1193 1489 1231 caro
1510 1185 1713 1251 sancta,
1740 1186 1794 1251 ut
1817 1191 1971 1251 acce-

394 1253 470 1321 pit
511 1245 743 1321 Spiritus
766 1245 1246 1321 sancti'ellicaciam
1273 1289 1286 1311 ,
1318 1249 1666 1321 uonpccepit
1688 1288 1703 1313 ,
1747 1247 1883 1321 sicut
1909 1245 1975 1299 tle

392 1316 573 1390 aliquo
601 1322 962 1390 apostolorum
992 1319 1187 1374 dicitur
1215 1328 1269 1373 et
1303 1317 1676 1387 prophetarum
1697 1358 1713 1382 ,
1752 1316 1974 1384 gratiam

395 1407 599 1456 unam,
652 1391 738 1444 vel
788 1391 1030 1443 alteram.
1094 1390 1262 1443 Homo
1315 1390 1454 1441 enim
1506 1403 1611 1440 non
1675 1394 1759 1440 est
1808 1400 1975 1453 capax

393 1460 632 1516 Omnium
667 1478 682 1513 :
715 1460 833 1513 ideo
874 1460 1000 1513 dicit
1043 1459 1239 1514 Paulus
1273 1476 1285 1509 :
1327 1457 1587 1528 Numquid
1631 1473 1800 1510 omnes
1845 1472 1973 1528 apo-

395 1532 512 1584 stoli
537 1534 561 1584 2'
582 1532 824 1600 nuntquid
847 1547 1017 1584 omnes
1047 1528 1346 1600 prophetat?
1375 1526 1627 1600 numquid»
1644 1543 1812 1600 omnes
1842 1526 1976 1600 dona

396 1602 580 1653 habent
627 1594 949 1654 sudationum
986 1594 1064 1667 (1.
1106 1594 1223 1655 Cor.
1274 1594 1361 1654 12.
1411 1594 1518 1652 29.
1548 1598 1683 1667 50)?
1723 1598 1779 1650 ln
1824 1595 1976 1665 nobis

395 1672 540 1726 enim
566 1671 873 1724 dividuntur
901 1670 1065 1733 dona;
1094 1669 1146 1723 in
1187 1684 1346 1723 carne
1371 1678 1545 1722 autem
1569 1668 1762 1722 Christi
1790 1679 1977 1720 omnes

395 1742 582 1806 gratia:
608 1782 623 1806 ,
655 1742 831 1794 omnia
861 1740 1001 1794 dona
1030 1739 1269 1804 fuerunt,
1294 1737 1581 1793 secundum
1627 1737 1975 1792 substantiam

394 1810 594 1865 carnis.
622 1811 688 1865 Et
714 1811 948 1864 attende.
969 1809 1208 1878 Implevit
1233 1810 1401 1878 primo
1423 1808 1691 1877 proprium
1723 1807 1975 1878 templum

396 1881 544 1934 omni
591 1882 780 1951 gratia.
826 1881 1021 1933 Habuit
1048 1877 1256 1951 donum
1301 1878 1522 1933 curandi
1561 1879 1810 1951 morbos,
1840 1877 1975 1951 etfu-

396 1951 554 2020 gandi
593 1946 867 2004 dteutones
888 1991 901 2015 ,
933 1950 1223 2004 suscitandi
1265 1959 1503 2003 mortuos
1526 1989 1541 2015 ,
1588 1946 1937 2020 prophetaudi
1958 1986 1973 2013 ,

396 2018 651 2090 ὄρει-θηάί
678 2037 738 2074 ea
762 2038 877 2089 quze
908 2021 1147 2074 veritatis
1175 2030 1299 2074 sunt
1330 2038 1344 2074 :
1368 2020 1543 2073 omnia
1577 2018 1743 2087 potuit
1763 2060 1776 2079 ,
1800 2027 1853 2071 et
1882 2018 1978 2069 ha-

396 2089 513 2144 buit
540 2091 798 2144 donorum
843 2090 1245 2157 plenitudinem,
1268 2105 1332 2144 ex
1361 2104 1464 2160 quo
1487 2089 1711 2160 impleta
1742 2098 1822 2141 est
1851 2101 1978 2160 caro

397 2161 667 2216 dominica
708 2161 955 2213 omnibus
999 2157 1425 2215 charismalibus.
1474 2158 1620 2227 Optts
1649 2169 1825 2211 autent
1849 2157 1974 2223 fuit,

396 2242 458 2286 ut
488 2232 609 2285 inde
649 2246 836 2284 omnes
870 2231 1231 2300 acciperemus
1259 2248 1321 2284 ex
1351 2242 1515 2298 parte,
1542 2240 1806 2296 tamquam
1836 2243 1865 2279 a
1895 2243 1981 2300 re-

395 2300 675 2368 ceptaculo
711 2301 939 2369 quodam
981 2298 1009 2354 ἐι
1050 2316 1273 2371 corpore
1309 2300 1574 2371 dominico
1607 2307 1700 2353 :et
1727 2298 1978 2367 apostolis

394 2381 558 2440 atque
589 2371 859 2440 prophetis
884 2386 945 2424 ex
974 2386 1039 2424 eo
1066 2370 1447 2439 suppeditatur.
1479 2370 1710 2424 Joannes
1736 2378 1976 2440 teStatnr,

396 2439 548 2496 ineo
590 2439 708 2496 esse
736 2450 896 2494 totam
938 2440 1148 2495 deitatis
1194 2440 1690 2509 plenitudinem;et
1735 2439 1974 2509 Paulus:

395 2510 470 2564 In
494 2528 592 2582 quo
634 2511 872 2582 habitavit
910 2507 1470 2582 divinitatis—plenitudo
1501 2507 1978 2582 corporaliter_(Co_-

396 2577 523 2635 loss.
570 2581 625 2634 2.
675 2580 752 2649 9).
806 2582 916 2635 Non
965 2582 1098 2635 dixit
1144 2577 1470 2649 simpliciter,
1503 2580 1557 2633 ln
1592 2577 1697 2648 quo
1728 2577 1981 2649 habitavit

396 2652 592 2713 deilas,
628 2648 720 2705 sed
754 2649 1025 2704 Plenitudo
1051 2648 1286 2715 deitatis’;
1316 2650 1416 2703 hoc
1438 2659 1520 2703 est
1544 2693 1558 2712 ,
1583 2663 1741 2702 omne
1766 2648 1979 2715 deitatis

395 2722 620 2775 donum.
671 2722 736 2774 Et
764 2732 821 2774 ut
866 2737 935 2791 ne
965 2723 1082 2791 quis
1112 2729 1275 2786 putet,
1309 2736 1424 2775 eam
1463 2721 1514 2783 in
1549 2720 1657 2773 Deo
1684 2718 1857 2791 Verbo
1888 2719 1982 2791 ha-

398 2791 602 2846 bitasse
622 2833 636 2855 ,
659 2792 785 2845 dicit
816 2790 919 2846 ειη
963 2787 1061 2859 quo
1092 2791 1331 2844 habitavit
1361 2792 1521 2845 omnis
1566 2787 1821 2860 plenitudo
1869 2788 1978 2840 dei-

397 2864 520 2915 tatis
564 2863 911 2931 corporaliter.
945 2863 999 2915 In
1040 2877 1199 2915 carne
1225 2862 1340 2930 ejus
1378 2861 1551 2916 omnis
1583 2859 1853 2931 plenitudo
1892 2872 1981 2912 sa:

398 2929 985 3000 pientitc.'intellectus,
1017 2929 1570 3000 virtutis,’signorutn,
1601 2929 1775 2984 omnis
1794 2942 1982 2996 opera-

398 3002 583 3056 tionis.
613 3003 809 3057 Deinde
842 3019 868 3052 a
916 3003 1241 3071 plenitudine
1269 3001 1383 3071 eius
1420 3012 1723 3055 mutuamur
1770 3013 1978 3053 omnes.

396 3072 649 3126 Testatur
696 3072 927 3126 Joannes
976 3073 1208 3142 Baptism
1241 3089 1254 3126 :
1282 3072 1349 3124 Et
1393 3088 1483 3140 ego
1512 3072 1787 3123 nesciebam
1816 3084 1931 3142 eum
1961 3083 1980 3121 :

395 3143 493 3195 sed
515 3143 600 3210 qui
640 3144 772 3196 misit
799 3160 876 3194 me
904 3152 980 3211 ut‘
1002 3138 1338 3211 btiptizarent,
1363 3138 1449 3195 ille
1483 3142 1605 3194 mihi
1633 3142 1779 3199 dixit,
1814 3138 1982 3206 Super

397 3206 549 3282 quem
585 3213 767 3266 uideris
802 3206 1492 3281 Spirit’umdescendentem,
1522 3222 1565 3264 et
1597 3220 1875 3279 manentem
1895 3226 1980 3282 su-

402 3278 496 3354 por
513 3300 627 3336 eum
652 3284 781 3351 (non
810 3278 960 3354 dixit,
991 3283 1324 3354 Largienlem
1351 3284 1398 3336 ei
1427 3278 1623 3354 donum
1653 3295 1836 3354 unum;
1863 3278 1977 3340 sed,

402 3350 693 3422 Manenlem
718 3352 929 3422 totum),
954 3354 1032 3406 hic
1060 3350 1130 3406 est
1156 3355 1241 3422 qui
1262 3354 1481 3421 baptizat
1506 3354 1556 3405 in
1586 3352 1782 3422 Spiritu
1809 3359 1982 3401 sancto

399 3431 452 3475 et
477 3421 581 3493 igni
611 3422 785 3490 (Joan.
805 3425 856 3476 1.
876 3418 989 3493 35).
1017 3418 1213 3478 Deinde
1236 3418 1417 3477 volens
1433 3418 1713 3493 ostendere
1727 3418 1979 3493 Joannes,

398 3490 733 3546 Salvatorem
766 3508 869 3547 non
900 3490 956 3547 ut
986 3493 1253 3562 hominem
1276 3498 1497 3562 gratiam
1521 3491 1790 3562 accepisse
1812 3531 1826 3555 ,
1857 3490 1983 3562 dicit

403 3563 573 3616 Deum
603 3563 795 3617 nonad
823 3578 1123 3616 mensuram
1152 3563 1201 3616 ei
1226 3559 1477 3629 Spiritum
1510 3563 1653 3614 dare.
1690 3559 1843 3612 Pater
1863 3559 1983 3610 dili-

438 3634 478 3685 it
500 3632 687 3686 Filium
712 3675 726 3697 ,
755 3641 801 3686 et
835 3634 1003 3686 omnia
1032 3633 1168 3686 dedit
1199 3634 1251 3686 in
1284 3649 1451 3703 manu;
1475 3634 1587 3703 ejus
1609 3631 1786 3703 (Joan.
1817 3630 1869 3682 5.

401 3650 478 3758 ἔτι
500 3650 687 3686 mnum
712 3675 726 3697 ,
755 3650 801 3686 et
835 3650 1003 3686 omnia
1032 3650 1168 3686 aitait
1199 3650 1251 3686 tn
1284 3650 1435 3685 manu
1475 3650 1581 3703 ejus
1609 3650 1786 3696 μοαη.
1817 3650 1869 3682 a.
1893 3650 1979 3682 aq.

443 3703 521 3771 5).
545 3702 651 3757 Nos
677 3702 834 3773 igitur
869 3704 1008 3757 unde
1036 3703 1390 3773 accepimus?
1417 3701 1495 3755 De
1536 3700 1842 3773 plenitudine
1876 3700 1983 3767 ejus

378 3770 499 3826 ‘nos
525 3770 999 3842 ontnes'accepimus
1026 3770 1200 3841 (Joan’.
1239 3775 1285 3825 1.
1312 3773 1422 3842 16).
1455 3773 1544 3826 llle
1574 3770 1977 3842 plenitudinem,

403 3857 507 3897 nos
552 3846 618 3898 de
657 3839 1001 3912 plenitudine.
1029 3839 1343 3911 Quomodo?
1370 3839 1445 3897 Ex
1488 3839 1593 3912 quo
1616 3839 1857 3912 implevit
1887 3839 1981 3912 do-

400 3909 914 3979 minicatn'carnem,
943 3915 1009 3967 ab
1035 3909 1094 3966 ea
1129 3914 1301 3967 hausit
1321 3915 1458 3967 sicut
1481 3909 1710 3975 a'fonte,
1742 3920 1795 3965 et
1822 3909 1985 3978 largi-

405 3995 495 4037 tus
521 3993 605 4039 est
648 3984 949 4038 hominibus
988 3986 1230 4052 gratiam.
1260 3983 1517 4049 Attende,
1559 3983 1802 4035 obsecro.
1855 3980 1987 4034 Dicit

402 4054 569 4121 igitur
596 4072 611 4109 :
640 4054 856 4120 Quando
882 4056 1067 4107 venerit
1105 4053 1399 4108 Pararletus
1419 4094 1433 4118 ,
1467 4054 1688 4123 Spiritus
1730 4052 1949 4123 veritatis
1969 4091 1983 4114 ,

401 4125 552 4195 ducet
591 4140 676 4177 vos
727 4126 780 4178 in
827 4141 1024 4177 omnem
1068 4124 1353 4191 veritatem,
1383 4122 1515 4193 quia
1544 4124 1606 4177 de
1640 4138 1746 4175 meo
1775 4122 1986 4195 accipiet

401 4193 587 4264 (Joan.
619 4195 706 4250 ιδ.
744 4196 827 4250 ιδ.
856 4196 967 4264 tt).
1958 4218 1963 4223 —

481 4326 533 4380 7.
565 4325 828 4393 Quomodo
853 4326 1227 4396 intelligendum
1254 4327 1317 4379 sit
1343 4325 1492 4391 illud,
1509 4325 1583 4379 De
1599 4340 1721 4380 meo
1738 4327 1982 4393 accipiet.

405 4394 768 4450 Macedoniani
809 4406 852 4447 et
880 4394 1054 4449 Ariani
1082 4398 1133 4448 in
1158 4397 1364 4449 diversis
1408 4406 1736 4449 errantes.——
1762 4398 1987 4452 Attende

399 4466 753 4535 diligentiam.
780 4466 893 4519 Non
915 4466 1068 4531 dixit,
1098 4468 1169 4521 De
1192 4483 1306 4528 me,
1331 4466 1446 4530 sed,
1479 4465 1554 4519 De
1583 4482 1709 4519 meo.
1737 4466 1811 4520 De
1833 4482 1983 4533 meo,

402 4536 587 4605 cujus?
614 4537 689 4590 De
719 4538 842 4590 meo
862 4537 1008 4589 dahit
1034 4538 1182 4591 vobis
1203 4578 1217 4601 ,
1246 4536 1338 4590 sed
1375 4536 1599 4603 accipiet
1633 4555 1643 4587 :
1669 4537 1857 4603 accipit
1879 4554 1987 4593 non

403 4617 592 4660 mutuo
616 4607 819 4660 datum.
863 4610 930 4659 At
967 4609 1215 4675 queuiam
1250 4607 1487 4674 imt‘tlevit
1516 4606 1712 4678 fontem
1739 4615 1794 4659 ut
1821 4610 1985 4678 origi-

403 4692 531 4730 nem
577 4678 837 4731 donorum
862 4716 878 4742 ,
920 4680 987 4730 ab
1025 4692 1281 4745 aquarum
1322 4678 1656 4744 receptaculo
1694 4677 1987 4738 ltaurit.’et

405 4747 609 4815 prtulth
637 4748 883 4801 erunibus
923 4748 989 4801 de
1033 4748 1280 4816 propriis.
1327 4748 1393 4799 Et
1420 4748 1559 4799 Unde
1605 4749 1702 4800 hoc
1741 4758 1941 4801 certum
1968 4790 1984 4815 ,

402 4816 547 4887 quod
578 4818 839 4885 accipere,
872 4816 936 4870 de
965 4819 1191 4886 propriis
1220 4817 1289 4870 sit
1316 4817 1581 4887 accipere?
1612 4818 1769 4887 Audi.
1791 4817 1982 4887 Imple-

402 4887 476 4945 vit
506 4886 642 4941 Deus
674 4887 867 4940 Mosam
896 4887 1094 4957 Spiritu
1113 4929 1128 4954 ,
1161 4897 1209 4940 et
1237 4888 1358 4939 dicit
1386 4886 1553 4939 Moses
1581 4902 1599 4940 :
1626 4886 1746 4940 Non
1785 4886 1988 4957 possum

402 4958 546 5030 solus
569 4961 700 5030 ferre
744 4956 947 5030 poud_us
987 4958 1136 5028 hujus
1166 4958 1359 5030 populi.
1384 4958 1565 5030 orditta
1589 4957 1744 5011 alium
1775 4956 1982 5026 tibiipsi.

403 5027 545 5080 Dicit
564 5026 608 5080 ei
654 5026 1005 5099 DeusaElige
1041 5026 1359 5099 septuaginta
1389 5028 1651 5099 seniores,
1671 5038 1716 5081 et
1742 5030 1986 5099 accipiant

403 5099 473 5150 de
500 5099 695 5163 Spiritu
718 5098 804 5166 qui
831 5097 882 5149 in
904 5108 951 5149 te
974 5107 1064 5163 est,
1084 5097 1128 5151 et
1151 5097 1279 5151 dabo
1299 5114 1451 5166 super
1473 5115 1555 5151 eos
1577 5098 1758 5166 (Num.
1789 5097 1874 5154 ti.
1904 5102 1983 5155 M.

403 5168 566 5242 ειμι)
595 5169 707 5242 Non
738 5167 891 5232 dixit,
920 5169 1190 5242 Accipiam
1220 5179 1367 5242 tuum
1395 5187 1421 5242 Ξ
1446 5170 1562 5234 sed,
1596 5168 1673 5242 ρο
1697 5170 1877 5242 spiritu
1901 5172 1987 5242 qui

402 5239 465 5306 in
486 5248 533 5290 te
557 5251 649 5298 est,
672 5239 740 5292 de
774 5253 893 5290 meo
920 5240 1196 5306 accipiam.
1231 5239 1366 5291 Dicit
1395 5238 1531 5292 Deus
1551 5280 1564 5302 ,
1598 5238 1662 5292 In
1686 5240 1858 5293 diebus
1883 5238 1987 5296 illis

403 5305 665 5380 eﬁuudam
687 5311 760 5380 de
778 5305 1290 5380 SpirituAnteoosuper
1310 5325 1508 5380 omnem
1534 5326 1765 5373 carnem,
1795 5320 1842 5363 et
1864 5329 1986 5380 pro-

406 5377 679 5443 phetabunt
708 5377 845 5447 (Joel
885 5378 937 5431 9..
972 5378 1085 5449 28).
1118 5378 1171 5449 Si
1204 5377 1340 5432 Deus
1368 5398 1394 5430 ς]
1418 5378 1562 5435 Mose
1588 5377 1987 5449 accipiens'mu-

406 5455 584 5519 t_uatus
601 5458 688 5519 est
702 5488 716 5511 ,
745 5458 800 5502 et
819 5448 1049 5516 Spiritus
1070 5465 1099 5503 a
1121 5448 1257 5503 Filio
1291 5449 1551 5519 accipiens
1590 5448 1856 5506 mutuatus
1882 5462 1982 5506 est.

406 5517 616 5572 Etenim
643 5517 818 5572 Moses
846 5521 1011 5588 ﬁgura
1041 5531 1155 5572 erat
1179 5519 1376 5572 Christi
1407 5517 1423 5572 Ξ
1453 5522 1573 5588 quia
1608 5523 1747 5575 sicut
1774 5536 1803 5574 a
1844 5523 1986 5580 Mose

406 5589 738 5657 septuaginta
779 5589 991 5643 luerunt
1031 5589 1268 5657 impleti,
1295 5590 1363 5643 ita
1401 5606 1429 5642 a
1457 5590 1670 5645 Christo
1698 5591 1843 5646 orbis
1879 5601 1984 5648 ter-

406 5673 589 5733 rarum
630 5662 845 5733 accepit
872 5660 1139 5733 Spiritum
1174 5669 1445 5733 sanctum.
1470 5660 1549 5713 De
1567 5732 1574 5733 ί
1594 5678 1705 5733 meo
1731 5663 1945 5733 accipiet
1965 5679 1985 5718 :

404 5742 475 5782 ex
506 5727 570 5782 iis
606 5743 725 5798 qua:
754 5728 885 5786 mihi
919 5728 1276 5798 suppeditavit
1308 5730 1409 5785 soli
1434 5731 1637 5786 homini
1676 5727 1946 5789 dominico
1966 5775 1981 5798 ,

402 5804 590 5856 sumet
625 5799 727 5855 sibi
770 5800 857 5869 qui
885 5799 1070 5871 dedit,
1100 5799 1191 5872 qui
1217 5800 1361 5857 venit
1389 5816 1552 5873 super
1578 5817 1690 5875 me,
1712 5811 1764 5860 et
1787 5804 1983 5862 mansit

1692 363 1778 419 DE
1816 363 2075 421 SPIRITU
2116 362 2399 419 saucro.
2438 324 2443 327 ⁷

3555 364 3659 419 8‘22

2081 473 2135 528 in
2157 488 2242 529 me
2260 514 2276 539 ,
2297 474 2386 542 qui
2429 473 2577 527 unxit
2622 486 2743 545 meo,
2764 472 2857 545 qui
2882 460 3232 545 sanctiﬁcavit
3259 487 3364 538 me,
3394 472 3484 545 qui
3504 477 3654 529 duxit

2089 559 2175 609 me
2224 545 2274 596 in
2302 545 2570 598 desertum
2595 585 2609 606 ,
2636 543 2725 611 qui
2769 543 2980 598 reduxit
3024 558 3111 597 me
3131 544 3384 599 victorem
3404 543 3427 608 ,ἡ
3455 545 3529 599 De
3552 562 3661 611 meo

2083 606 2323 684 accipiet,
2352 622 2400 684 et
2435 606 2755 684 annuntiabit
2801 614 2955 667 vobis.
3001 611 3067 684 Et
3116 622 3172 667 ut
3213 606 3659 684 ostendat,qu‘od

2085 680 2204 738 non'
2233 683 2402 737 sancti
2426 683 2654 751 Spiritus
2676 684 3000 737 mentionem
3021 680 3242 750 fecerit,
3270 684 3363 738 sed
3391 680 3656 739 donorum

2078 755 2214 818 ejus,
2245 762 2520 822 postquam
2547 753 2698 817 dixit,
2732 752 2811 806 De
2835 770 2943 806 meo
2968 752 3202 820 accipiet,
3232 753 3608 822 adjicitstatim
3643 772 3656 808 :

2083 822 2266 883 Omnia
2293 839 2612 893 quaacumque
2659 822 2805 875 habet
2855 823 3027 886 Pater,
3056 839 3167 876 mea
3199 833 3315 877 sunt
3358 822 3535 893 (Joan.
3567 826 3657 878 16.

2080 895 2195 963 15);
2223 893 2403 960 accepi
2446 908 2509 963 ca
2545 895 2612 947 de
2653 893 2849 962 Spiritu
2871 900 3077 956 sancto;
3106 901 3386 963 propterea
3418 895 3551 958 dixi,
3580 893 3659 959 De

2074 962 2190 1019 meo
2210 973 2388 1017 sumet.
2426 962 2687 1030 Quoniam
2733 964 2870 1017 Dens
2891 978 3105 1018 carnem
3145 962 3497 1018 sanctilicavit
3535 965 3658 1031 Spi-

2078 1034 2184 1088 ritu
2233 1044 2446 1096 sanCto,
2473 1042 2530 1088 et
2570 1035 2746 1088 emisit
2774 1033 2929 1087 Pater
2957 1033 3155 1087 donum
3196 1033 3423 1101 Spiritus
3463 1036 3516 1089 in
3542 1050 3661 1089 car-

2082 1119 2205 1158 nem
2236 1103 2453 1165 Christi,
2483 1104 2625 1159 venit
2649 1113 2824 1157 autem
2852 1104 3038 1172 gratia,
3063 1113 3119 1158 et
3147 1105 3325 1159 omnia
3350 1104 3490 1158 dona
3519 1105 3657 1158 iudi-

2082 1172 2159 1243 dit
2182 1172 2413 1237 Christo,
2443 1173 2571 1227 dicit
2597 1193 2610 1227 :
2642 1172 2718 1227 De
2754 1189 2861 1226 meo
2891 1175 3099 1243 accipiet
3121 1215 3136 1238 ,
3161 1182 3208 1226 et
3236 1176 3552 1229 annuntiabit
3573 1190 3664 1228 vo-

2079 1242 2173 1297 bis.
2203 1244 2338 1310 Quid
2383 1245 2540 1315 igitur
2561 1253 2663 1306 est,
2694 1245 2735 1296 Α
2763 1244 2927 1315 seipso
2970 1242 3354 1315 nionloquetur,
3397 1245 3487 1315 sed
3519 1262 3661 1311 qua:-

2078 1330 2289 1384 cumque
2312 1314 2549 1378 audierit,
2587 1314 2876 1438 notagaciet
2903 1314 3037 1368 vobis
3076 1312 3182 1383 (Ib.
3214 1329 3262 1367 tt.
3290 1316 3376 1383 15)
3399 1314 3421 1365 ‘l
3446 1316 3651 1368 Dictum

2079 1394 2162 1438 est
2194 1392 2368 1438 antea.
2394 1383 2534 1437 aliud
2573 1398 2692 1438 esse
2736 1385 2970 1438 ‘oiritum
2993 1392 3232 1438 sanctum
3257 1425 3271 1438 .
3304 1396 3358 1438 et
3384 1384 3525 1438 aliud
3565 1385 3651 1437 da.

2079 1394 2162 1438 est
2194 1383 2368 1448 antea,
2394 1383 2534 1437 aliud
2573 1398 2692 1439 esse
2716 1383 2970 1452 Spiritum
2993 1392 3232 1438 sanctum
3256 1425 3271 1448 ,
3304 1396 3358 1439 et
3384 1384 3525 1438 aliud
3565 1385 3664 1437 da-

2081 1469 2207 1507 num
2231 1472 2247 1509 :
2275 1452 2417 1524 aliud
2440 1468 2640 1524 regem,
2662 1464 2717 1509 et
2741 1454 2881 1524 aliud
2907 1453 3104 1524 donum
3126 1454 3519 1522 regis.Quando
3542 1455 3661 1521 quis

2084 1532 2267 1578 contra
2316 1523 2509 1577 inultas
2562 1533 2615 1593 et
2656 1525 2830 1577 varias
2870 1523 3209 1577 barbarorum
3246 1535 3429 1593 gentes
3464 1525 3660 1579 beiluut

2079 1594 2235 1663 gerit,
2268 1593 2475 1648 dubitat
2502 1592 2590 1649 ubi
2612 1594 2839 1663 prteliari
2862 1592 3094 1663 incipiat.
3118 1594 3173 1649 Si
3202 1592 3265 1647 in
3284 1595 3416 1648 hanc
3440 1595 3663 1663 impres-

2081 1664 2285 1720 sionem
2337 1664 2520 1727 faciat,
2561 1674 2616 1720 et
2667 1675 2974 1731 occupetur,
3003 1680 3125 1718 mox
3166 1664 3322 1716 aliam
3364 1674 3665 1732 prospectat

2081 1748 2363 1803 erumpere
2402 1735 2571 1789 aciem
2599 1752 2611 1785 :
2639 1734 2684 1787 si
2719 1735 2771 1803 in
2801 1734 2934 1789 duas
2981 1743 3157 1802 partes
3197 1733 3430 1796 dividat,
3473 1734 3667 1787 dit-idi-

2084 1813 2166 1859 tur
2209 1802 2371 1859 rebur
2416 1805 2702 1859 exercitus.
2753 1802 2808 1857 ln
2849 1803 3024 1857 medio
3066 1818 3251 1857 sumus
3303 1804 3656 1867 Arianorum,

2081 1875 2173 1945 Qui
2195 1875 2483 1945 reprobant
2515 1874 2713 1929 Christi
2748 1876 3002 1944 gloriam,
3031 1884 3083 1927 et
3118 1873 3619 1945 Maceduniauorum
3642 1914 3658 1938 ,

2081 1943 2170 2014 qui
2197 1946 2429 1998 divinam
2457 1944 2688 2014 Spiritus
2707 1943 2928 2011 gloriam
2952 1944 3289 2014 contumeliis
3320 1943 3576 2014 alliciunt.
3605 1944 3662 1997 Si

2082 2013 2240 2079 igitur
2276 2013 2515 2069 confessa
2558 2014 2627 2069 de
2676 2014 2812 2070 Filio
2861 2015 3049 2083 loquar
3090 2014 3155 2067 ad
3208 2013 3613 2069 Macedonianos
3639 2052 3657 2078 ,

2086 2086 2318 2140 Arianus
2362 2084 2542 2139 statim
2593 2096 2785 2153 pugnat
2818 2084 2990 2138 :Num
3035 2083 3102 2138 de
3137 2083 3275 2141 Filio
3314 2085 3660 2153 persuasisti,

2083 2127 2933 2225 ῐιῖἱῖὶίἔέρῖιῖῖιὶἴὶἱιίἷὶἷῖόξιὶέτῐέἒ

2154 2226 2206 2280 8.
2264 2219 2458 2280 Verum
2505 2225 2629 2294 quia
2686 2219 2842 2279 hodie
2882 2224 3212 2293 propositum
3266 2231 3359 2294 est
3412 2219 3480 2275 de
3534 2221 3661 2294 Spi-

2083 2295 2188 2350 ritu
2234 2305 2419 2350 snncto
2467 2292 2653 2367 (stupe
2699 2300 2840 2367 enim
2885 2292 3186 2367 Secundum
3231 2292 3452 2361 gratiam
3504 2292 3659 2367 nobis

2081 2381 2111 2419 a
2153 2366 2365 2423 Christo
2405 2363 2599 2420 datam
2628 2366 2695 2420 de
2744 2366 2880 2419 Filio
2919 2366 3198 2418 victoriam
3250 2363 3662 2431 reportavimus,

2086 2445 2355 2504 testesque
2380 2437 2646 2490 dictorum
2678 2451 2772 2490 vos
2793 2437 2944 2498 estis,
2971 2435 3172 2488 scilicet
3218 2449 3322 2504 non
3365 2432 3665 2499 suphisma-
3728 2468 3735 2473 .

2086 2507 2242 2569 tibus,
2261 2508 2352 2560 sed
2374 2506 2765 2575 Scripturarum
2784 2503 3334 2575 demonstratiouibus
3353 2518 3465 2575 rem
3479 2512 3662 2575 Aactant

2085 2576 2256 2646 esse),
2287 2572 2530 2632 volebant
2560 2589 2736 2630 autem
2767 2587 2819 2630 et
2848 2575 3281 2646 uuncinstituere
3304 2574 3371 2646 de
3394 2572 3529 2626 Filio
3549 2586 3663 2646 ser-

2084 2641 2332 2711 mortem;
2374 2662 2586 2716 semper
2612 2649 2754 2701 enim
2792 2648 2842 2700 in
2874 2662 2931 2716 se
2967 2646 3216 2716 virtutem
3247 2641 3661 2716 l‘ttlgentetnha-

2085 2718 2172 2771 bet
2196 2733 2210 2769 :
2240 2719 2333 2772 sed
2357 2727 2414 2772 ut
2437 2712 2780 2784 probationes
2804 2715 3062 2777 adferam,
3095 2714 3351 2771 adversus
3381 2712 3660 2767 haereticos

2084 2787 2173 2856 qui
2199 2790 2338 2841 circa
2356 2787 2610 2856 Spiritum
2634 2797 2877 2841 sanctum
2898 2784 3226 2856 claudicant,
3242 2784 3453 2856 interitu
3486 2791 3660 2835 taceo.

2086 2854 2429 2928 impossibile
2443 2864 2739 2928 autemest,
2764 2872 2859 2910 eos
2879 2857 2966 2923 qui
2985 2856 3123 2928 circa
3142 2854 3395 2928 Spiritum
3423 2862 3662 2928 sanctum

2085 2923 2334 2982 aberrant
2368 2935 2422 2982 et
2468 2926 2962 2988 claudicant,reclo
3014 2925 3151 2993 pede
3200 2923 3475 2977 ambulare
3522 2924 3665 2977 circa

2084 2996 2299 3051 Filiutn.
2332 2997 2510 3067 Usque
2549 2996 2706 3050 hodie
2751 2997 2881 3050 nulli
2927 2992 3308 3067 Macedoniano
3339 2992 3660 3067 persuades,

2086 3077 2143 3122 ut
2218 3062 2662 3122 consubstantiali
2729 3065 3026 3121 subscribat
3104 3064 3398 3119 secundum
3490 3062 3664 3117 Nicae-

2086 3154 2207 3209 nam
2253 3139 2556 3209 synodum,
2612 3137 2855 3205 quamvis
2897 3150 3110 3209 semper
3154 3135 3361 3209 _dicaot_
3395 3150 3410 3209 ς
3452 3133 3559 3187 Nos
3600 3133 3666 3186 il-

2086 3208 2190 3263 lam
2243 3205 2399 3263 lidem
2453 3219 2769 3262 sectamur:
2817 3208 3068 3276 quoniam
3135 3206 3205 3261 de
3271 3205 3472 3276 Spiritu
3535 3218 3664 3258 san-

2086 3288 2172 3333 cto
2204 3278 2332 3333 nihil
2362 3279 2684 3333 declaratum
2723 3275 3038 3345 estJNeque
3078 3277 3220 3331 enim
3258 3275 3326 3329 de
3355 3275 3456 3328 hoc
3484 3284 3655 3343 pugna

2088 3350 2169 3402 vel
2218 3350 2441 3419 quaestio
2487 3356 2606 3404 erat
2637 3359 2915 3419 :_attamen
2958 3355 3015 3419 ut
3061 3345 3667 3419 pluribusargumentis

2088 3419 2193 3473 illis
2218 3416 2621 3489 persuadeatur,
2655 3417 2775 3473 dico
2794 3459 2810 3483 ,
2856 3416 3123 3489 Scriptum
3154 3426 3264 3481 est,
3293 3416 3337 3489 4
3372 3417 3668 3489 seipso_t_ton

2088 3484 2335 3556 loquetur.
2368 3490 2458 3543 Dic
2482 3488 2860 3543 Macedoniano
2885 3506 2897 3540 :
2926 3487 3193 3556 Scriptum
3219 3486 3422 3556 esthoc
3442 3485 3508 3539 de
3534 3484 3668 3538 Filio

2091 3555 2267 3629 (Joan.
2296 3558 2384 3613 16.
2409 3558 2518 3629 13),
2541 3559 2653 3629 imo
2670 3558 2782 3626 ipse
2799 3557 2935 3629 dicit
2953 3557 3019 3610 de
3044 3555 3247 3629 seipse,
3268 3555 3378 3623 Ego
3403 3572 3436 3609 a
3458 3556 3670 3629 nte‘ipso

2086 3624 2185 3681 non
2213 3628 2390 3697 loquor
2417 3624 2611 3699 (Joan.
2638 3624 2721 3681 14.
2759 3625 2883 3695 10).
2913 3626 3440 3699 Attende,obsecro.
3488 3624 3670 3680 Aﬂ‘ero

2089 3696 2700 3771 testimomnmapud‘te
2741 3699 3042 3771 confessum
3075 3696 3371 3771 :adversus
3412 3696 3668 3771 Arianqu

2087 3771 2228 3823 enim
2255 3765 2547 3823 certamine
2586 3768 2673 3822 hic
2715 3782 2850 3835 opus
2901 3765 3077 3832 esSet,
3110 3767 3163 3820 in
3194 3765 3461 3835 hocquod
3498 3765 3666 3829 dicit.

2089 3838 2201 3906 Ego
2227 3856 2259 3892 a
2285 3840 2474 3907 meipso
2498 3856 2595 3892 non
2621 3833 2816 3907 loquor,
2845 3846 2900 3892 et
2932 3837 3175 3890 similiter
3205 3836 3272 3890 de
3299 3833 3499 3904 Spiritu
3538 3850 3668 3889 san-

2088 3919 2175 3963 cto
2203 3929 2215 3963 :
2243 3910 2381 3976 apud
2412 3918 2462 3962 te
2487 3919 2685 3974 autem,
2717 3909 2804 3977 qui
2838 3907 3102 3976 proﬁteris
3134 3916 3185 3961 te
3214 3907 3314 3960 hoc
3354 3914 3537 3959 sancte
3573 3920 3669 3960 co-

2091 3980 2220 4043 lere,
2251 3979 2393 4034 nulla
2423 3994 2557 4049 opus
2584 3980 2997 4049 concertatione.
3034 3977 3106 4031 De
3133 3977 3345 4049 Christo
3367 3992 3667 4049 sermonem

2090 4048 2414 4123 instituens,
2456 4046 2590 4123 dicis
2631 4049 2890 4117 aaqualem
2943 4048 3074 4123 Deo,
3107 4047 3334 4123 sitttilem
3383 4046 3531 4123 Patri
3575 4062 3669 4114 per

2090 4117 2287 4175 Omnia.
2319 4121 2451 4186 Quia
2479 4121 2733 4175 adversus
2771 4135 2893 4174 eum
2913 4160 2928 4183 ,
2961 4120 3048 4187 qui
3096 4118 3379 4172 conﬁtetur
3403 4117 3622 4184 gloriam
3651 4157 3667 4179 ,

2090 4192 2437 4261 quaestionem
2488 4191 2687 4246 induxi.
2722 4189 2872 4243 Dicis
2913 4190 2981 4261 de
3009 4188 3240 4261 Spiritu,
3271 4189 3313 4241 Α
3355 4189 3516 4261 seipse
3567 4202 3669 4238 non

2091 4258 2322 4330 loquetur
2354 4277 2373 4315 :
2398 4261 2526 4315 dicit
2570 4261 2735 4315 Filius
2779 4261 2845 4315 de
2887 4260 3065 4329 seipso
3088 4258 3245 4330 ,Ego
3281 4275 3313 4313 α
3347 4260 3534 4326 meipso
3569 4270 3668 4330 non

2091 4326 2289 4403 loquor,
2326 4332 2415 4403 sed
2455 4347 2777 4400 quacumque
2803 4326 2985 4403 audivi
3007 4346 3041 4403 a
3067 4326 3239 4403 Patre
3276 4344 3383 4381 meo
3403 4330 3550 4403 ,_ht_cc
3593 4326 3669 4379 lo-

2089 4397 2218 4475 quor
2267 4397 2477 4475 (Joan.
2504 4397 2710 4475 14.10.
2757 4412 2811 4475 et
2848 4401 3033 4475 15=_15
3066 4400 3101 4466 ).
3147 4399 3287 4455 Ecce
3326 4408 3380 4452 et
3423 4397 3588 4475 [filius
3639 4413 3667 4447 a

2091 4466 2286 4540 seipse.
2308 4488 2413 4527 non
2465 4473 2742 4541 loquitur:
2786 4472 3113 4541 interimque
3157 4481 3241 4523 est
3294 4468 3512 4541 agqnalis
3567 4466 3668 4541 ho-

2092 4536 2212 4603 nor.
2245 4544 2367 4597 llaec
2401 4541 2468 4596 ad
2506 4536 2556 4597 te
2583 4542 2737 4596 dico:
2770 4541 2998 4595 Arianus
3019 4536 3173 4592 enim
3213 4548 3269 4593 et
3309 4538 3375 4591 de
3407 4537 3497 4592 illo
3525 4545 3577 4590 et
3602 4536 3670 4589 de

2094 4615 2195 4668 hoc
2237 4613 2462 4667 dubitat.
2505 4613 2655 4678 Quod
2699 4610 2967 4679 naufragis
2994 4610 3215 4679 accidit,
3256 4611 3354 4663 hoc
3391 4607 3584 4679 evenit,
3614 4613 3673 4660 ut

2090 4683 2217 4738 dicit
2262 4684 2474 4747 Paulus,
2503 4681 2809 4744 incredulis,
2847 4678 2944 4747 Qui
2985 4678 3118 4732 circa
3153 4680 3305 4746 ﬁdem
3341 4678 3668 4746 naufragium

2091 4758 2314 4825 fecerunt
2345 4754 2421 4822 (1.
2453 4752 2589 4825 Tim.
2622 4753 2672 4825 1.
2708 4752 2815 4825 19).
2847 4749 3025 4803 Ariani
3046 4749 3337 4825 Jtattlragio
3372 4749 3510 4825 facto
3543 4761 3667 4825 per-

2090 4819 2416 4893 diderunt—et
2442 4821 2638 4877 Christi
2677 4822 2919 4893 gloriam,
2956 4829 3012 4874 et
3040 4819 3270 4893 Spiritus
3311 4819 3478 4873 sancti
3506 4820 3671 4893 virtu?

2092 4888 2228 4960 tem;
2258 4893 2619 4949 Macedoniani
2649 4888 2975 4947 contendunt
3004 4891 3216 4957 quidem
3248 4904 3541 4958 emergere,
3574 4888 3668 4960 sed

2090 4958 2360 5024 dimidiam
2389 4965 2651 5018 sarcinam
2678 4963 2987 5022 amiserunt.
3020 4962 3153 5015 sicut
3180 4960 3308 5014 dicit
3333 4960 3529 5013 Paulus
3558 4974 3571 5008 :
3605 4958 3669 5011 Si

2090 5038 2199 5104 quis
2221 5046 2387 5088 autem
2418 5035 2669 5103 Spiritum
2696 5031 2883 5104 Christi
2903 5047 3003 5084 non
3027 5031 3192 5092 habet,
3221 5031 3300 5104 hic
3328 5046 3428 5083 non
3458 5038 3529 5082 est
3556 5031 3670 5095 ejus

2092 5101 2268 5174 (Rom.
2301 5106 2353 5160 8.
2396 5101 2474 5174 9).
2514 5104 2739 5158 Attende
2780 5103 2956 5172 igitur,
3002 5112 3058 5153 ut
3105 5101 3482 5174 neqvideamur
3518 5112 3668 5152 ntnre

2089 5171 2403 5233 certantium
2431 5171 2773 5243 irrumpere,
2809 5171 2865 5226 et
2911 5171 3291 5243 contumeliose
3328 5171 3668 5243 demonstra-

2093 5249 2287 5313 tionem
2315 5244 2523 5305 eii'rrre.
2558 5241 2668 5311 Ego
2708 5261 2739 5296 a
2789 5244 2990 5313 meipso‘
3029 5258 3141 5313 nono
3164 5242 3360 5313 loquor.
3406 5241 3671 5313 interpre-

2092 5325 2204 5371 tare
2250 5310 2378 5369 inihi
2414 5314 2538 5383 quid
2578 5308 2664 5369 cst
2707 5313 2808 5369 hoc
2854 5308 2996 5380 quod
3041 5308 3669 5383 tlieit.’Ego_a‘meipso

2091 5404 2191 5453 non
2216 5387 2390 5450 loquor
2416 5378 2445 5439 ?
2470 5385 2734 5455 quomodo
2765 5384 2815 5437 id
2859 5378 2991 5455 dixit
3038 5378 3329 5455 Salvator?
3362 5378 3661 5455 E_am_e_t_tim

2090 5447 2248 5527 quam
2280 5447 2695 5527 Macedonianns
2730 5454 3009 5527 adduxerit
3035 5453 3348 5506 solutionem
3373 5448 3439 5502 de
3479 5447 3616 5527 Filio
3644 5485 3661 5507 .

2094 5517 2227 5581 lianc
2276 5527 2533 5596 intelliget
2580 5534 2637 5596 et
2679 5524 2893 5596 Spiritui
2938 5532 3138 5596 saneto
3167 5534 3495 5596 congruere.
3552 5517 3668 5573 Duo

2090 5605 2233 5651 stant
2252 5591 2473 5664 aequalis
2502 5591 2750 5665 ponderis
2775 5613 2788 5649 :
2835 5594 3016 5661 Neque
3042 5592 3267 5665 Spiritus
3265 5607 3319 5665 _a_
3330 5662 3337 5665 Α
3348 5591 3542 5665 seipso,
3572 5601 3666 5639 ne-

2089 5683 2193 5739 que
2235 5659 2403 5739 Filius
2430 5683 2457 5715 a
2502 5659 2680 5739 seipse
2712 5666 2842 5725 :sed
2882 5659 3017 5739 opus
3054 5661 3226 5739 ltabet_
3262 5659 3427 5739 Filius
3471 5659 3626 5712 Patre
3649 5695 3664 5716 .

2089 5732 2224 5807 opus
2252 5737 2411 5807 habet
2428 5747 2481 5792 et
2501 5732 2728 5807 Spiritus
2752 5744 2965 5807 sanctus
2978 5733 3142 5807 i’atre
3165 5747 3178 5784 :
3210 5732 3471 5807 hactenus
3487 5739 3665 5807 atqua-

2094 5801 2160 5865 li's
2183 5816 2264 5864 est
2287 5805 2480 5875 honor.
2506 5801 2732 5867 Attende
2760 5804 2940 5875 igitur.
2971 5804 3092 5863 Scio
3112 5815 3201 5867 me
3246 5801 3303 5858 in
3348 5801 3672 5873 protundnm.
