4044 6386
372 405 482 460 8'25

374 520 501 593 .lcsu
530 518 756 593 Christi,
796 521 963 575 solem
992 530 1045 593 et
1088 521 1266 577 lunam
1294 522 1517 591 epilices
1553 537 1675 578 esse
1712 523 1827 593 (a)?
1872 522 1961 593 ubi

368 592 509 646 dixit
533 592 795 657 Christus,
830 593 969 657 quod
1001 592 1113 647 hzcc
1159 594 1404 647 hauriant
1432 595 1656 658 animas,
1689 603 1744 648 et
1796 592 1959 647 redu-

375 673 502 729 cant
526 662 660 737 eas?
704 663 794 733 ubi
826 662 1282 737 legisttlia-ciEx
1310 679 1377 719 eo
1423 665 1563 734 quod
1595 679 1698 719 non
1725 665 1867 737 dicat
1898 678 1959 717 ea

367 749 495 801 quae
523 734 717 803 scripta
754 733 899 797 sunt,
932 733 1036 791 Sed.
1066 751 1092 786 a
1126 735 1303 804 scipso
1334 738 1597 804 loquatur,
1622 735 1961 789 manifestum

374 813 462 873 est
482 819 605 857 eum
632 820 737 856 non
768 804 964 858 habere
1008 805 1262 873 Spiiitum
1285 816 1547 860 sanctum.
1575 807 1616 859 Α
1656 806 1820 870 seipse
1861 821 1963 857 non

375 872 630 945 loquetur,
653 875 740 927 sed
777 872 1099 945 quwcumoue
1161 877 1415 941 audierit,
1472 878 1787 933 annuntiabit
1825 876 1962 928 vobis

376 943 559 1007 (quit.
592 947 680 999 16.
716 947 802 1015 15)
835 962 847 997 :
874 946 975 1000 hoc
1000 943 1102 1011 est,
1130 964 1247 1015 qua:
1278 949 1385 1001 dixi
1413 948 1770 1001 conlirmabit.
1804 945 1871 998 Et
1894 946 1968 999 vi-

372 1015 445 1067 de
465 1016 798 1068 miraculum.
814 1017 1270 1083 Quemadmodum
1290 1019 1531 1071 SaIVator
1547 1020 1710 1080 venit,
1727 1027 1778 1070 et
1796 1015 1963 1071 lactus

373 1096 462 1160 est
473 1086 755 1160 plenitudo
774 1087 905 1160 legis
936 1087 1311 1160 prophetarum
1353 1104 1366 1140 :
1396 1088 1468 1143 ita
1489 1085 1765 1160 plenitudo
1789 1082 1962 1160 Evan-

378 1156 505 1223 gelii
536 1168 617 1210 est
644 1157 875 1225 Spiritus
902 1167 1137 1213 sanctus.
1182 1158 1426 1213 Christus
1462 1156 1603 1213 venit
1632 1167 1686 1212 et
1723 1158 1964 1227 implevit

373 1240 497 1295 qua:
524 1244 551 1278 a
586 1228 739 1281 Patre
793 1229 843 1280 in
890 1229 1005 1295 lege
1054 1238 1107 1282 et
1151 1229 1429 1297 prophetis
1476 1239 1601 1295 sunt
1633 1229 1771 1282 dicta
1800 1248 1812 1281 :
1841 1227 1963 1281 ideo

375 1298 726 1369 dicitl‘aulns
751 1314 763 1349 :
801 1299 1081 1353 l‘lcnitudo
1132 1296 1260 1364 lupis
1283 1296 1527 1355 Christus
1563 1299 1737 1369 (Rom.
1762 1298 1847 1353 10.
1877 1297 1958 1369 Ιι).

374 1366 610 1434 Spiritus
656 1380 874 1423 sanctus
903 1371 1064 1429 vt-nit,
1094 1380 1141 1440 et
1179 1371 1413 1434 implevit
1441 1366 1767 1440 evangelica.
1803 1366 1963 1435 Qua--

372 1454 606 1511 cumque
634 1448 758 1511 sunt
800 1442 848 1492 in
897 1441 1012 1509 lege
1034 1482 1047 1505 ,
1079 1439 1319 1511 Citrisms
1348 1442 1531 1507 implet
1571 1439 1963 1511 :untncumque

375 1520 505 1581 sunt
533 1509 582 1581 in
620 1508 859 1564 doctrina
889 1511 1106 1574 Christi,
1137 1510 1368 1581 Spiritus
1417 1512 1595 1580 implet
1616 1508 1650 1575 ,”
1679 1527 1782 1566 non
1820 1508 1965 1579 quod,

375 1579 723 1651 imperfectus
752 1581 819 1634 sit
849 1581 1006 1635 l’ater
1028 1624 1042 1645 ,
1074 1579 1250 1635 scd'ut
1283 1579 1540 1651 apparuit
1566 1583 1811 1635 Christus
1834 1598 1966 1636 con-

376 1650 595 1702 lirmans
623 1666 741 1720 (pun
782 1661 905 1704 sunt
932 1652 1122 1717 Patris,
1169 1655 1246 1706 sic
1290 1650 1531 1720 apparuit
1564 1653 1793 1721 Spiritus
1838 1667 1961 1705 san-

372 1731 488 1791 ctus
520 1726 846 1775 centiimans
872 1738 930 1776 ea
962 1740 1077 1791 quae
1125 1732 1249 1775 Sunt
1293 1722 1405 1777 Fiii
1471 1724 1620 1778 Unde
1650 1723 1786 1777 hoc?
1829 1724 1964 1777 Dicit

375 1790 624 1844 Salvator
651 1792 931 1859 d-scipulis
963 1809 974 1843 :
1007 1792 1172 1846 Multa
1196 1792 1353 1848 habeo
1382 1795 1517 1848 vobis
1540 1795 1724 1859 dicere,
1749 1794 1837 1846 sed
1865 1810 1965 1848 non

376 1862 581 1931 potestis
608 1873 808 1928 portare
852 1868 999 1915 modo
1023 1882 1040 1916 :
1078 1865 1281 1933 quando
1318 1875 1483 1917 autem
1511 1865 1694 1917 venerit
1736 1864 1963 1931 Spiritus

372 1941 594 1995 sanctus,
641 1933 839 2004 inducet
868 1949 952 1986 vos
972 1934 1023 1986 in
1063 1950 1256 1987 omnem
1285 1937 1558 2001 veritatem,
1585 1935 1703 2004 quia
1739 1951 1770 1986 a
1799 1934 1964 2003 seipse

372 2017 477 2073 non
504 2004 729 2073 loquetur
755 2002 935 2069 (Joan.
964 2005 1046 2059 16.
1082 2004 1167 2058 12.
1195 2007 1281 2073 15)
1308 2023 1320 2058 :
1347 2022 1467 2059 nam
1501 2002 1618 2059 mea
1645 2006 1845 2073 implet.
1874 2002 1955 2057 Fi-

371 2071 481 2125 lius
506 2072 683 2139 impch
712 2088 774 2127 ea
802 2089 921 2142 qua:
941 2086 1062 2127 sunt
1086 2071 1280 2140 Patris,
1312 2085 1367 2130 et
1395 2093 1422 2127 a
1454 2078 1634 2143 seipse
1660 2071 1763 2129 non
1792 2075 1965 2143 loqui-

372 2151 466 2195 tur
498 2159 511 2194 :
541 2144 767 2210 Spiritus
790 2154 1006 2199 sanctus
1037 2146 1218 2213 implet
1248 2161 1365 2212 qua:
1393 2157 1516 2200 sunt
1546 2147 1685 2207 Filii,
1716 2156 1770 2201 ct
1796 2162 1823 2198 a
1858 2147 1963 2199 sei-

370 2228 473 2281 pso
501 2229 603 2266 nou
632 2214 881 2281 loquitur.
906 2212 962 2271 Si
990 2212 1165 2271 autem
1188 2217 1418 2271 audieris
1438 2216 1962 2283 dicentem,.lllittam

371 2284 524 2336 vobis
579 2284 832 2349 Spiritum
887 2299 1170 2350 sanctum,
1223 2302 1329 2339 non
1366 2289 1658 2341 secundum
1710 2288 1961 2340 deitatem

373 2354 608 2422 accipias
633 2373 645 2406 :
684 2356 820 2407 Deus
859 2356 998 2409 enim
1047 2372 1152 2409 non
1182 2356 1425 2411 mittitur.
1454 2357 1675 2412 Nomina
1699 2366 1820 2412 sunt
1849 2357 1962 2411 haec

366 2426 735 2495 operationem
767 2424 1137 2495 signiﬁcantia,
1187 2427 1399 2481 uomiua
1450 2428 1654 2483 occulta
1697 2429 1859 2482 simul
1906 2439 1961 2480 ct.

371 2493 546 2566 lucida
582 2512 594 2547 :
627 2493 834 2550 occulta
863 2497 908 2551 si
950 2497 1260 2566 dignitatem
1286 2511 1529 2565 speetes;
1563 2499 1735 2553 lucida
1761 2500 1804 2553 si
1829 2513 1966 2553 con-

369 2565 772 2633 templationem
799 2584 811 2618 :
836 2578 988 2621 certe
1017 2565 1259 2637 quisquis
1299 2570 1483 2634 mittit,
1503 2569 1552 2621 in
1570 2568 1671 2622 alia
1692 2570 1850 2622 mittit
1877 2570 1960 2623 lo-

368 2649 458 2709 ea,
492 2637 543 2688 in
576 2637 767 2709 quibus
807 2654 910 2690 non
941 2650 1041 2690 est.
1074 2637 1239 2709 Finge
1269 2654 1354 2692 me
1401 2638 1629 2709 aliquem
1668 2639 1863 2708 alloqui
1907 2640 1958 2693 in

370 2703 475 2759 bac
501 2705 629 2760 sctlc
654 2725 667 2759 :
694 2721 797 2760 non
826 2722 1040 2776 possunt
1074 2703 1249 2763 dice're
1273 2703 1524 2776 cuipiam,
1558 2708 1710 2773 Veni,
1755 2703 1958 2764 mittam

368 2783 423 2829 te
456 2776 557 2830 huc
587 2794 600 2830 :
633 2776 735 2831 hoc
762 2788 976 2832 nonest
1003 2780 1232 2843 mittere,
1261 2780 1354 2833 sed
1382 2779 1645 2833 collocare
1678 2779 1760 2833 vel
1782 2795 1959 2834 accer-

365 2859 512 2900 sere.
544 2846 693 2914 Quod
717 2847 760 2901 si
808 2849 944 2901 DI‘US
980 2849 1170 2920 ubique
1211 2854 1320 2913 est:
1345 2848 1541 2920 Cariam
1569 2850 1734 2917 enim,
1767 2850 1955 2920 inquit,

369 2924 440 2991 ει,
470 2924 654 2991 terram
683 2934 789 2991 ego
817 2920 1004 2991 impleo
1056 2917 1196 2991 (Irr.
1219 2920 1308 2974 25.
1336 2919 1425 2988 24)
1457 2936 1475 2977 :
1520 2936 1750 2989 quonam
1804 2917 1961 2991 igitur

365 2988 561 3052 mittit,
606 2989 694 3055 qui
741 2988 935 3058 ultique
958 2990 1071 3043 est?
1095 2989 1155 3044 Si
1177 2991 1445 3044 escendero
1469 2995 1523 3044 in
1541 2988 1746 3055 ’cwlum,
1776 2988 1839 3043 tu'
1855 2992 1959 3045 illic

366 3071 463 3119 es;
497 3058 538 3110 si
567 3059 867 3132 descendere
893 3061 943 3112 in
961 3060 1233 3132 infernum,
1263 3060 1423 3125 ades;
1451 3062 1495 3115 si
1535 3078 1792 3131 sumpsero
1830 3080 1956 3132 pcn-

364 3142 462 3179 nas
505 3145 639 3182 nicas
664 3129 908 3195 diluculo,
933 3140 977 3183 et
995 3130 1279 3185 habitavere
1306 3132 1356 3184 in
1377 3131 1610 3186 extremis
1629 3129 1780 3185 maris
1808 3129 1957 3185 {ete-

364 3199 473 3250 nim
500 3198 620 3252 illuc
647 3216 823 3253 atauus
848 3213 932 3253 tua
971 3201 1181 3253 deducet
1227 3219 1304 3255 me
1351 3203 1521 3326 (Psal.
1556 3204 1679 3258 158.
1706 3203 1951 3270 8.-10).

366 3273 636 3326 Quorsum
664 3271 824 3326 igitur
855 3272 991 3324 licus
1023 3273 1211 3325 mittit?
1243 3273 1322 3326 An
1372 3283 1487 3326 orte
1522 3274 1660 3326 quod
1692 3274 1803 3326 inse
1850 3277 1951 3326 uui-

366 3273 636 3343 guorsum
664 3271 824 3343 igitur
855 3272 991 3343 Deus
1023 3273 1211 3325 mittit?
1243 3273 1322 3326 Au
1353 3271 1487 3327 forte
1522 3274 1660 3343 quod
1692 3274 1803 3342 ipse
1850 3277 1959 3337 qui-

362 3337 503 3412 dem_
521 3337 733 3412 ubique,
768 3342 811 3394 is
857 3338 1033 3396 autem
1070 3343 1156 3411 qui
1184 3344 1427 3408 mittitur,
1456 3337 1560 3396 non
1585 3337 1823 3412 ubique?
1852 3343 1956 3397 Μῖ-

362 3409 430 3461 sit
467 3408 600 3462 Deus
632 3408 827 3464 Filium
852 3428 996 3465 suum
1017 3412 1069 3466 in
1090 3408 1354 3465 'mundum
1384 3413 1559 3481 (Joan.
1590 3415 1642 3467 5.
1672 3408 1783 3483 1-7).
1814 3413 1949 3468 Νιιιη

365 3489 423 3531 ut
456 3495 559 3533 non
592 3493 905 3549 praesentem
929 3484 979 3536 in
1007 3484 1244 3537 mundo?
1272 3487 1338 3537 At
1359 3483 1588 3539 mut-dus
1610 3502 1671 3538 ex
1695 3484 1829 3538 Filio
1850 3497 1948 3540 cst.

363 3550 731 3621 PrOptcrcanc
754 3554 899 3607 venit
926 3556 973 3605 in
1009 3554 1283 3615 mundum,
1312 3555 1432 3621 quia
1463 3564 1616 3608 antea
1655 3571 1758 3608 non
1781 3553 1955 3608 fuerat

360 3619 417 3693 in
451 3622 680 3693 mundo?
698 3622 974 3690 Quomodo
993 3623 1150 3693 igitur
1172 3619 1408 3678 Joannes
1440 3624 1761 3692 evangelista
1789 3624 1947 3678 dicit:

363 3689 554 3763 Omnia
594 3710 680 3758 per
698 3689 865 3759 ipsum
887 3689 1155 3763 facta'sunt
1182 3709 1202 3749 :
1222 3695 1274 3746 in
1296 3694 1481 3747 mundo
1512 3689 1639 3752 erat,
1665 3704 1709 3746 et
1732 3694 1952 3748 mundus

359 3778 454 3829 per
476 3762 640 3835 ipsum
667 3768 834 3833 factus
860 3762 930 3816 est
973 3762 1152 3835 (Joan.
1183 3766 1236 3819 1.
1261 3764 1352 3833 5)?
1380 3763 1658 3831 Quomodo
1688 3764 1856 3835 igitur
1898 3765 1948 3819 in

358 3833 618 3886 mundum
651 3836 841 3888 missus
863 3833 991 3903 estf!‘
1008 3835 1208 3889 linrsus
1229 3836 1273 3889 si
1292 3835 1487 3888 missus
1507 3834 1696 3905 estqui
1726 3833 1946 3904 missus,

357 3910 416 3955 et
446 3904 639 3975 mansit
662 3920 821 3972 supra
850 3906 892 3958 is
918 3904 1007 3975 qui
1032 3905 1196 3973 misit,
1224 3916 1277 3960 et
1310 3905 1398 3975 qui
1427 3904 1621 3959 missus
1649 3912 1733 3960 est
1782 3905 1942 3975 infra,

356 3974 642 4098 ἓυὲὁιςξιιο
669 3975 898 4043 dicebat,
926 3973 989 4028 Et
1016 3977 1101 4045 qui
1124 3977 1258 4030 misit
1302 3973 1379 4029 me
1398 4016 1414 4043 ,
1443 3991 1637 4029 mecum
1670 3985 1740 4030 est
1768 3973 1946 4047 (Joan.

553 4045 575 4081 ν
1028 4043 1038 4045 _
1777 4043 1786 4047 -

434 4043 474 4186 ἓ
470 4043 792 4177 1).)ὀὺςοειοο,
822 4114 1100 4186 diligenter
1125 4115 1388 4180 attendas,
1418 4130 1719 4170 sermonem
1750 4116 1801 4170 in
1826 4124 1940 4170 tuto

354 4183 584 4239 colloca.
631 4185 815 4242 Potest
843 4183 987 4243 enim
1012 4184 1193 4243 dicere
1227 4186 1513 4243 haereticus
1541 4204 1554 4241 :
1588 4185 1794 4242 Mecum
1826 4199 1905 4243 est
1927 4227 1943 4256 ,

418 4340 688 4405 (a)AManes
707 4342 903 4405 dicebat
925 4340 1080 4391 solem
1103 4348 1156 4392 et
1179 4341 1341 4392 lunam
1360 4341 1561 4405 Vopitices
1579 4354 1709 4405 esse.
1750 4343 1946 4392 ubinam

352 4401 577 4452 dixerint
593 4411 676 4453 aut
701 4404 985 4453 stanichzeus
1020 4412 1104 4452 aut
1127 4404 1370 4453 Manichazi
1392 4401 1548 4453 solem
1572 4412 1623 4453 et
1646 4403 1807 4453 lunam
1833 4418 1945 4455 esse

349 4464 571 4527 Opiﬁces,
612 4465 824 4513 nonduin
847 4464 965 4515 mihi
1003 4474 1303 4527 compertum
1327 4471 1420 4527 est.
1456 4464 1641 4514 Verum
1667 4466 1946 4516 Manichteos

386 4524 440 4573 ui
465 4524 560 4574 late
587 4540 674 4587 per
688 4529 860 4575 orbem
884 4527 1091 4588 grassati
1111 4524 1242 4587 sunt,
1260 4526 1378 4576 etin
1396 4527 1553 4577 varias
1575 4527 1746 4576 abiere
1761 4532 1941 4587 sectas,

349 4540 546 4635 diversa
575 4588 830 4635 admodum
854 4596 905 4635 et
931 4602 1096 4635 narum
1118 4601 1327 4635 consona
1352 4588 1604 4635 tradidisse
1627 4595 1814 4635 certum
1845 4596 1941 4635 est.

386 4588 546 4650 iversa
575 4588 830 4650 admodum
854 4596 905 4637 et
930 4602 1096 4650 parum
1118 4601 1327 4638 consona
1352 4588 1814 4650 tradidisseicertum
1845 4596 1943 4640 est.

349 4645 480 4713 Vide
501 4649 870 4713 Manirhmorutn
889 4645 1154 4713 historiam,
1179 4663 1322 4713 quam
1341 4662 1406 4713 ex
1436 4649 1777 4713 Amphilochiis
1790 4651 1943 4713 Photii

350 4709 593 4774 edidimus
614 4710 663 4757 in
688 4710 980 4774 Bibliotheca
1001 4709 1264 4774 Coislinip.
1289 4712 1400 4761 sse.
1436 4709 1568 4774 Quod
1590 4724 1701 4760 mox
1725 4711 1804 4761 hic
1818 4712 1940 4761 dici-

351 4776 432 4818 tur
453 4772 610 4836 solem
635 4778 690 4821 et
708 4771 872 4836 lunam
895 4773 1094 4836 haurire
1117 4771 1300 4836 animas
1322 4780 1374 4823 et
1413 4773 1675 4836 reducere.
1700 4785 1816 4836 cum
1832 4775 1941 4836 Epi-

350 4833 527 4893 phanio
548 4834 810 4893 consentit,
830 4835 913 4896 qui
931 4835 1049 4885 dicit
1064 4835 1246 4884 Hteresi
1266 4835 1348 4895 66,
1372 4834 1641 4884 secundum
1657 4833 1940 4885 Mauichaéo-

347 4905 469 4959 runt
494 4896 811 4959 sententiam,
835 4896 1093 4959 Lhristum,
1136 4897 1221 4959 qui
1243 4904 1536 4959 apparenter
1559 4902 1746 4946 tantum
1781 4896 1937 4958 venit,

347 4955 618 5020 machinam
657 4957 898 5020 struxisse
941 4955 1194 5007 duodecim
1234 4955 1381 5009 cados
1416 4958 1711 5017 habentem,
1755 4970 1866 5020 quae
1909 4955 1939 5007 a

345 5014 539 5087 sphaera
561 5017 764 5079 quadam
788 5019 1072 5067 circumacta
1092 5026 1389 5069 mortuorum
1427 5020 1610 5069 animas
1630 5014 1823 5068 sursum
1842 5026 1939 5068 tra-

346 5076 438 5134 lnt,
464 5078 845 5143 quasluminare
870 5092 1095 5143 magnum
1118 5080 1264 5143 radiis
1309 5087 1545 5143 exceptas
1568 5087 1759 5143 purgat,
1786 5078 1936 5143 lume-

344 5111 845 5204 ἕδὲῆἶέἆείῗὲἴέὤ
871 5111 1935 5204 ἰἰὶῖὲἕἨὶὲὲιῖέιἻσιῖιῖὲἧνεἭωῒὲιῗιῖῖῖρἒξὲἰὶἶο

345 5196 600 5266 luminaria
623 5196 814 5265 navigia
837 5211 887 5251 et
913 5207 1151 5266 pontones
1187 5196 1467 5266 esse'dicit.
1505 5205 1587 5266 cui
1608 5196 1771 5266 simile
1794 5203 1935 5266 quid-

344 5261 672 5372 paiam‘téicitur
692 5261 759 5314 aii
779 5261 1042 5326 augustino
1062 5264 1126 5315 de
1171 5265 1447 5315 ureresihus
1466 5265 1527 5315 ad
1548 5261 1934 5325 quodvultd'eum

421 5341 451 5371 ³.
541 5356 558 5372 ο

341 5335 451 5386 Cap.
476 5335 558 5373 δυ.

1643 400 1731 456 DE
1770 393 2049 454 SPIRITU
2090 397 2382 463 SANCTO.

3562 410 3666 469 896

2077 519 2206 593 mihi
2238 529 2325 593 est
2358 520 2556 576 auxilio
2576 563 2590 585 ,
2620 521 2758 576 sicut
2786 533 2837 577 et
2865 537 2964 593 ego
2991 523 3130 583 dico.
3161 524 3299 580 Deus
3328 541 3531 581 mecum
3560 539 3663 581 est.

2076 592 2190 662 Non
2222 592 2356 645 dixit
2402 592 2717 660 simpliciter
2749 611 2762 648 :
2790 594 2884 646 sed
2906 592 3031 662 quid
3053 596 3077 648 ?
3098 594 3254 650 Pater
3278 597 3331 649 in
3351 613 3429 649 me
3459 613 3666 651 manens

2075 661 2256 731 (Joan.
2294 663 2358 716 14
2396 663 2516 733 10).
2551 662 2605 715 Si
2635 678 2756 717 cum
2787 664 2902 731 ipso
2927 661 3083 731 erat.
3114 675 3168 721 et
3206 667 3256 720 in
3287 667 3400 733 ipso
3431 669 3621 721 mansit
3647 709 3662 731 ,

2075 733 2343 801 quomodo
2371 732 2456 787 ille
2488 732 2648 797 misit,
2699 735 2780 788 vel
2825 737 3092 804 quomodo
3119 735 3203 790 hic
3230 732 3424 791 miSsus
3452 734 3578 793 est?
3608 738 3663 793 Si

2077 806 2217 857 enim
2245 813 2535 866 venerunt,
2567 804 2672 858 duo
2698 815 2956 858 venerunt
2980 848 2995 868 ,
3025 817 3077 860 et
3119 808 3295 861 nullus
3323 808 3516 862 missus
3542 819 3623 861 est
3649 827 3663 863 :

2075 886 2165 928 aut
2195 891 2381 947 rursus
2407 917 2420 934 ,
2464 874 2933 947 duo_manserunt.
2967 876 3025 931 Si
3053 880 3247 931 mansit
3280 879 3437 932 Pater
3463 893 3621 947 supra
3647 920 3663 943 ,

2074 945 2342 1015 quomodo
2390 946 2516 999 dicit
2563 944 2727 1000 Filius
2759 963 2772 999 :
2806 946 2964 1018 Pater
3000 962 3207 1003 mecum
3238 949 3361 1001 est?
3403 949 3457 1003 Si
3502 944 3662 1018 supra

2076 1014 2271 1069 tuansit
2300 1018 2385 1086 qui
2422 1017 2583 1081 misit,
2625 1014 2892 1086 quomodo
2930 1033 3110 1073 secum
3156 1019 3313 1073 hahet
3344 1019 3387 1072 is
3410 1020 3504 1143 qui
3532 1014 3664 1073 niis-

2077 1101 2168 1139 sus
2196 1096 2276 1140 est
2305 1103 2425 1141 cum
2452 1089 2543 1143 aui
2573 1088 2776 1141 mittit?
2807 1088 2917 1143 an
2949 1090 3112 1143 enim.
3143 1089 3296 1143 dixit.
3326 1091 3378 1143 in
3457 1101 3585 1143 atre.
3616 1101 3664 1143 et

2077 1101 2168 1158 s_us
2196 1096 2276 1140 est
2305 1103 2425 1141 cum
2452 1089 2543 1156 qui
2573 1088 2776 1158 mittit?
2807 1088 2917 1158 Ego
2949 1090 3112 1149 enim,
3143 1089 3296 1152 dixit,
3326 1091 3378 1143 in
3410 1088 3585 1154 Patre,
3616 1101 3665 1144 et

2078 1155 2234 1210 Pater
2261 1155 2553 1229 mecumest
2579 1157 2754 1229 (Joan.
2789 1155 2875 1213 10'.
2900 1159 3014 1228 58).
3042 1160 3321 1227 Quomodo
3352 1162 3506 1229 igitur
3532 1164 3663 1214 mis-

2072 1241 2163 1281 sus
2188 1237 2287 1287 est,
2320 1228 2559 1300 quidicit
2590 1228 2604 1281 ξ
2638 1228 2796 1281 Pater
2825 1231 2876 1283 in
2906 1247 2983 1283 me
3008 1231 3121 1300 est?
3146 1230 3211 1283 Ει
3247 1228 3513 1300 quomodo
3559 1235 3660 1286 ite-

2075 1314 2192 1351 rum
2246 1292 2428 1351 misit?
2481 1299 2640 1368 Igitur
2668 1314 2787 1352 cum
2835 1300 2998 1361 dicit,
3042 1292 3192 1353 Mitto
3215 1292 3363 1354 voltis
3404 1302 3658 1368 Spiritum

2075 1378 2315 1423 sauctmn
2343 1411 2355 1423 .
2404 1369 2599 1421 donum
2624 1369 2753 1422 dicit
2794 1374 2960 1423 sancti
2990 1371 3236 1438 Spiritus.
3272 1371 3335 1424 Et
3368 1372 3662 1427 utdisvatis

2072 1439 2269 1492 donum
2303 1439 2459 1504 mitti,
2488 1439 2743 1507 Spiritum
2768 1440 2945 1495 autem
2979 1456 3080 1493 non
3110 1443 3267 1505 mitti,
3298 1442 3544 1496 Salvator
3570 1445 3656 1496 di-

2077 1510 2151 1563 cit
2179 1513 2434 1577 apostolis
2467 1527 2481 1563 :
2516 1509 2721 1563 Manete
2747 1512 2799 1563 in
2825 1511 3141 1577 Jerusalem,
3179 1513 3335 1565 donec
3378 1513 3663 1566 induamini

2073 1582 2252 1634 virtute
2281 1597 2343 1632 ea:
2367 1581 2492 1644 alto,
2518 1592 2566 1634 et
2593 1581 2846 1652 accipietis
2872 1583 3099 1652 virtutem
3126 1582 3515 1651 supervenientis
3539 1584 3662 1652 Spi-

2070 1652 2199 1703 ritus
2234 1652 2394 1703 sancli
2424 1655 2473 1703 in
2505 1668 2589 1723 vos
2621 1650 2784 1721 (Luc.
2815 1652 2905 1705 24.
2935 1650 3055 1723 49).
3100 1650 3213 1705 Alia
3243 1662 3324 1707 est
3352 1659 3517 1707 virtus
3541 1650 3661 1722 qine

2071 1722 2403 1785 cooceditur,
2438 1731 2489 1776 et
2518 1722 2654 1775 alius
2689 1731 2769 1775 cst
2797 1722 3021 1790 Spiritus
3058 1725 3145 1791 qui
3178 1724 3441 1777 concedit.
3475 1722 3661 1777 Omnia

2070 1793 2204 1844 enim
2232 1803 2468 1864 operatur
2488 1809 2618 1864 unus
2642 1803 2687 1864 et
2718 1793 2847 1844 idem
2892 1793 3118 1864 Spiritus
3139 1836 3152 1854 ,
3186 1795 3411 1847 dividens
3448 1795 3661 1864 singulis

2072 1873 2220 1927 prout
2252 1863 2354 1915 vult
2379 1864 2455 1932 (1.
2482 1863 2599 1916 Cor.
2626 1863 2712 1917 1‘2.
2742 1864 2851 1932 11).
2889 1859 3062 1932 lgitur‘
3085 1872 3137 1917 tu
3172 1880 3273 1917 non
3306 1874 3456 1933 potes
3482 1859 3662 1919 osten-

2072 1932 2199 1987 dere
2230 1934 2363 1985 tnitti
2385 1934 2654 2005 Spiritum
2694 1943 2933 1987 sanctum
2964 1950 2991 1985 a
3027 1949 3152 2002 pura
3184 1932 3400 1988 deitate.
3440 1935 3532 1988 Sin
3562 1951 3660 1988 au-
3688 1940 3693 1943 ’

2074 2013 2180 2056 tem
2210 2002 2484 2057 Ostendam
2516 2004 2607 2057 tihi
2632 2002 2886 2057 faetorem
2918 2006 3031 2057 cadi
3058 2013 3111 2058 et
3142 2012 3296 2057 terrm
3323 2004 3457 2058 mitti
3484 2020 3514 2059 a
3537 2005 3659 2073 Spi-

2069 2073 2174 2127 ritu
2200 2082 2407 2141 sancto,
2438 2074 2563 2142 quid
2594 2074 2793 2127 facies?
2824 2074 2912 2129 Vel
2944 2090 3075 2143 nega
3102 2074 3375 2129 Christum
3403 2115 3417 2140 ,
3457 2084 3513 2129 et
3536 2075 3658 2130 delc

2071 2143 2372 2212 Scripturas
2393 2185 2407 2207 ,
2450 2145 2532 2198 vel
2560 2159 2746 2198 servus
2774 2144 3167 2213 Scripturarum
3190 2145 3476 2215 Scripturis
3503 2149 3661 2199 obse-

2070 2229 2256 2337 3uerc.
2293 2216 2354 2268 Iit
2380 2216 2500 2281 ubi,
2545 2216 2749 2284 inquit,
2784 2215 2981 2268 dictmn
3022 2224 3105 2271 est
3144 2215 3282 2269 hoc?
3311 2216 3447 2270 Audi
3493 2217 3656 2270 Donni

2111 2287 2332 2337 icentcm
2352 2301 2449 2337 ner
2467 2290 2776 2337 nrouhetam
2798 2286 3062 2337 llesaiam.
3088 2301 3385 2337 nrreconem
3412 2286 3654 2337 nietatis:

2111 2287 2332 2356 icentcm
2352 2301 2449 2356 per
2467 2290 2776 2356 prophetam
2798 2286 3063 2356 llesaiam,
3088 2301 3385 2355 prmconcm
3412 2286 3620 2355 pietatis
3639 2303 3654 2342 :

2068 2354 2204 2427 ᾼιιιιὶ
2234 2372 2311 2409 me
2331 2354 2368 2417 ,“
2391 2354 2495 2422 ait,
2531 2355 2693 2408 Iacob
2739 2366 2784 2408 et
2829 2354 2994 2410 Israel
3014 2397 3030 2420 ,
3068 2354 3214 2426 quem
3249 2373 3338 2427 ego
3367 2354 3486 2427 voco
3516 2372 3533 2411 :
3562 2374 3654 2426 ego

2070 2424 2213 2497 Deus
2246 2428 2437 2496 primus
2461 2471 2475 2491 ,
2519 2439 2565 2480 et
2597 2443 2687 2495 ego
2709 2436 2819 2495 post
2840 2433 2947 2481 lia’c
2966 2467 2981 2491 ,
3014 2439 3058 2479 et
3081 2424 3375 2497 'prteter'me
3402 2426 3536 2481 Deus
3556 2424 3658 2483 non

2069 2506 2141 2548 est
2172 2496 2326 2563 (Isai.
2357 2498 2443 2551 48.
2470 2498 2577 2567 12).
2614 2498 2841 2550 Attende
2866 2539 2880 2563 ,
2924 2496 3126 2566 quaeso.
3176 2498 3361 2550 Restat
3401 2499 3542 2552 enim
3571 2498 3659 2553 hic

2068 2567 2208 2636 quod
2244 2575 2531 2635 quairatur.
2562 2568 2693 2635 Quis
2737 2569 2895 2636 igitur
2922 2569 3051 2621 diett
3082 2569 3232 2622 lucc?
3265 2568 3419 2621 l’ater
3457 2584 3525 2622 an
3566 2567 3654 2622 Fi-

2068 2638 2215 2692 lius?
2247 2638 2373 2691 \‘ide
2400 2639 2667 2707 quomodo
2697 2637 2746 2690 in
2781 2640 2941 2707 ligura
2985 2638 3306 2692 monarchia:
3341 2636 3654 2693 Trinitatem

2068 2718 2213 2763 recte
2243 2711 2511 2775 praedicet.
2541 2707 2652 2779 Ego
2674 2706 2831 2779 Deus:
2844 2709 3062 2779 primus,
3110 2717 3155 2760 et
3184 2725 3272 2779 ego
3296 2717 3408 2779 post
3450 2710 3578 2771 liarc,
3606 2723 3655 2763 et

2069 2789 2252 2849 prima:
2274 2796 2349 2831 me
2375 2795 2475 2849 non
2497 2790 2567 2831 est
2613 2778 2746 2832 Deus
2774 2778 2934 2848 (Ibid.
2958 2789 3031 2849 Aet
3068 2779 3156 2832 44.
3191 2778 3268 2847 li).
3298 2778 3428 2849 Quis
3454 2790 3537 2834 est
3563 2781 3652 2849 qui

2069 2854 2182 2902 hinc
2223 2845 2388 2923 dicit?
2414 2848 2589 2923 Mundi
2633 2845 2875 2923 conditor
2906 2889 2919 2901 .
2949 2846 3134 2923 Suhdit
3172 2845 3343 2923 enim,
3380 2847 3519 2923 ΔΕεμ)Δ
3543 2845 3680 2923 mea.

2064 2935 2218 2990 manu
2250 2921 2457 2990 fundavi
2485 2929 2668 2972 terram
2698 2934 2715 2971 :
2744 2918 2862 2990 vide
2888 2920 3155 2990 quomodo
3177 2920 3353 2989 opifex
3379 2918 3610 2988 loquitur
3633 2939 3647 2971 :

2068 2988 2132 3043 Et
2171 2988 2394 3055 Spiritus
2439 3006 2576 3041 naeus
2610 2989 2827 3057 ﬁrmavit
2869 2989 3068 3041 ca’lum.
3106 2988 3467 3059 Egoomnibus
3493 2991 3651 3043 stellis

2067 3060 2321 3125 mandavi,
2355 3076 2445 3129 ego
2484 3060 2693 3112 excitavi
2719 3077 2831 3112 cum
2849 3059 3050 3129 justitia
3080 3077 3262 3129 regem,
3286 3070 3330 3113 et
3361 3077 3530 3114 omnes
3556 3060 3652 3114 vite

2063 3147 2186 3184 metu
2212 3141 2356 3184 rectae
2380 3128 2476 3199 (Is.
2503 3130 2592 3185 48.
2624 3132 2707 3185 15.
2738 3140 2784 3183 et
2810 3131 2899 3184 45.
2932 3128 3016 3183 1‘2.
3051 3128 3158 3197 15).
3196 3132 3383 3184 Diccns
3411 3132 3647 3199 seipsuut

2063 3203 2308 3270 Opilicem
2351 3211 2403 3255 et
2440 3203 2691 3255 iactarem
2724 3201 2839 3254 carli
2869 3216 2930 3254 ac
2962 3210 3147 3265 terrai,
3192 3202 3305 3255 huic
3341 3201 3519 3268 adjicit
3551 3219 3647 3269 po-

2064 3269 2176 3326 stea
2207 3290 2219 3325 :
2253 3269 2375 3325 Non
2406 3273 2465 3323 ob
2493 3270 2635 3325 initio
2662 3271 2712 3323 in
2741 3274 2935 3324 occulto
2960 3273 3190 3333 loquutus
3216 3289 3325 3325 sum
3350 3272 3482 3325 vobis
3508 3272 3646 3339 Ita'c,

2063 3360 2221 3411 neque
2250 3344 2302 3396 in
2340 3343 2448 3396 loco
2476 3342 2731 3396 tenebroso
2763 3340 2874 3411 (Ib.
2907 3340 2993 3396 48.
3030 3340 3148 3412 16).
3184 3343 3323 3396 Dixit
3346 3383 3361 3407 ,
3409 3342 3647 3395 Fundani

2064 3424 2268 3477 terram,
2301 3423 2355 3468 et
2382 3414 2478 3466 feci
2520 3413 2709 3467 cadum
2741 3430 2751 3464 :
2787 3414 2998 3478 (pianda
3024 3411 3158 3465 facta
3189 3423 3343 3478 sunt,
3386 3412 3493 3467 illic
3520 3416 3648 3466 ade-

2061 3500 2206 3557 ram:
2234 3484 2298 3557 Ιςι
2315 3500 2455 3557 nunc
2479 3482 2724 3557 Dominus
2747 3483 2879 3536 misit
2901 3500 2978 3536 me
3002 3494 3047 3536 et
3072 3483 3293 3557 Spiritus
3314 3482 3644 3557 ejus(Ibid.).

1995 3561 2008 3578 ‘
2060 3553 2155 3617 'l‘e,
2186 3554 2273 3620 qui
2306 3552 2474 3607 fecisti
2513 3555 2700 3607 cadum
2737 3562 2791 3606 ct
2842 3563 3066 3620 terram,
3109 3552 3198 3622 qui
3236 3552 3418 3607 dixisti
3445 3552 3642 3620 astris,

2061 3622 2308 3678 Dominus
2335 3625 2467 3677 misit
2492 3640 2569 3677 me
2604 3633 2650 3676 et
2694 3623 2919 3692 Spiritus
2957 3625 3064 3691 ejus
3087 3662 3103 3687 ,
3149 3625 3331 3693 genuit
3352 3626 3643 3680 secundum

2057 3694 2347 3767 deitatem,
2401 3694 2544 3767 misit
2576 3694 2877 3767 secundum
2922 3708 3175 3767 carnem:
3204 3694 3408 3767 Opifcx.
3434 3695 3557 3767 caeli
3591 3707 3645 3750 et

2061 3772 2213 3837 terra:
2240 3762 2404 3837 dicit;
2436 3764 2684 3837 Dominus
2719 3764 2851 3837 misit
2879 3780 2960 3837 me
2994 3775 3040 3816 et
3081 3760 3477 3837 Spiritusnejus.
3509 3766 3642 3837 Mis-

2057 3834 2262 3888 sionem
2317 3835 2543 3903 Spiritus
2598 3832 2830 3888 hmrclici
2877 3833 2928 3888 in
2985 3830 3636 3904 contumeliamcapiunt.

2055 3904 2195 3977 Misit
2222 3904 2376 3977 Pater
2400 3907 2485 3975 qui
2518 3922 2620 3977 non
2653 3903 2871 3977 migrat,
2916 3906 3013 3977 nec
3044 3906 3295 3977 transfert
3320 3921 3441 3977 eum
3472 3903 3588 3959 loco
3622 3923 3636 3970 ;

2056 3976 2202 4029 misit
2232 3975 2395 4031 Filius
2419 3970 2674 4044 Spiritum
2701 3970 2868 4041 {non
2914 3970 3160 4030 dividens
3200 3992 3295 4029 nec
3323 3976 3543 4029 divisus.
3578 3977 3643 4030 lit

2056 4046 2252 4099 idcirco
2281 4048 2546 4116 Scriptura
2571 4047 2699 4116 dicit
2723 4064 2734 4098 :
2767 4046 2903 4099 licus
2929 4044 3111 4116 alludit
3138 4047 3390 4114 Spiritum
3419 4044 3572 4100 suum
3594 4050 3635 4111 ⁵,

2056 4116 2156 4170 hoc
2184 4126 2298 4183 est,
2327 4112 2524 4188 donum
2567 4114 2794 4188 Spiritus
2825 4116 2993 4188 sancti
3023 4112 3263 4188 (,Ioel.v‘2.
3291 4117 3404 4188 28).
3431 4116 3641 4188 JDivini-s

2056 4198 2135 4242 tas
2160 4203 2266 4259 non
2284 4172 2457 4242 'cll'usa
2486 4198 2568 4249 est
2588 4172 2725 4259 ,'scd
2752 4184 2989 4259 donum:
3025 4172 3303 4259 propterea
3330 4172 3637 4259 uideamu-

2053 4252 2312 4333 straretur
2336 4300 2349 4321 ,
2397 4259 2497 4333 hoc
2523 4250 2665 4333 quod
2704 4250 3040 4333 cll‘undittir,’
3071 4250 3183 4333 non
3218 4274 3337 4333 esse
3381 4252 3636 4333 Spiritum

2053 4331 2445 4403 Stiltclullthetl
2476 4325 2709 4403 Spiritus
2730 4328 2821 4403 Dci
2849 4330 3106 4403 gratiam,
3124 4325 3637 4403 dicituDavidClit-i—

2052 4409 2177 4453 sto:
2219 4398 2436 4470 Di/fusag
2467 4398 2537 4454 est
2579 4402 2744 4470 gratia
2788 4398 2839 4452 in
2883 4399 3030 4470 labiis
3074 4398 3175 4453 tuis
3212 4398 3507 4470 (Psalru.
3540 4400 3633 4466 5).

2052 4470 2232 4526 Gratia
2269 4468 2711 4543 cll'tinditumnon
2743 4472 2784 4523 is
2810 4470 2897 4538 qui
2926 4469 3087 4543 donat
3110 4468 3361 4543 gratiam.
3399 4469 3452 4523 Si
3479 4469 3637 4543 igitur

2050 4543 2269 4613 aequalis
2300 4541 2470 4595 honor
2492 4538 2832 4613 praedicatur,
2864 4541 2987 4613 et_si
3016 4538 3144 4595 illud
3166 4582 3181 4606 ,
3291 4541 3454 4613 seipse
3479 4538 3633 4613 {es-

2050 4608 2299 4681 plicatum
2332 4622 2433 4669 est.
2468 4608 2674 4665 necnon
2704 4610 2826 4663 illud
2854 4652 2868 4673 ,
2910 4608 2985 4662 De
3010 4627 3118 4663 meo
3143 4608 3387 4680 accipiet,
3427 4611 3574 4679 quasi
3602 4626 3633 4665 a

2049 4682 2195 4739 fonte
2221 4682 2558 4750 interpretari
2598 4681 2717 4749 quis
2754 4688 2963 4748 potest;
3019 4696 3087 4735 ne
3114 4682 3344 4735 habeant
3392 4680 3634 4738 haeretici

2051 4754 2226 4808 locum
2271 4754 2351 4806 vel
2381 4752 2767 4819 subterlugium
2813 4751 3120 4820 impietatis.
3156 4751 3421 4805 Venerarc
3462 4750 3635 4818 Spiri-

2049 4832 2158 4895 tum
2190 4836 2429 4877 sancmm
2455 4863 2471 4887 ,
2502 4820 2658 4893 quem
2690 4821 2961 4895 accepisti.
3003 4822 3116 4895 Dixi
3159 4837 3302 4895 srepe
3328 4830 3379 4895 te
3405 4823 3638 4879 retribu-

2049 4894 2247 4947 tionem
2272 4892 2560 4963 accepisse.
2587 4892 2887 4963 Assunipsit
2916 4907 2944 4944 a
2975 4901 3025 4947 te
3049 4892 3293 4947 Christus
3322 4892 3634 4963 ﬁgmentum

2045 4973 2191 5020 tuttm
2213 5005 2228 5032 ,
2257 4964 2400 5018 dedit
2430 4962 2518 5019 tibi
2550 4964 2663 5033 ipse
2690 4962 2943 5033 Spiritum
2972 4966 3146 5017 suum.

2107 5139 2123 5171 ί
2161 5144 2275 5200 tteg.
2293 5145 2355 5200 et
2373 5136 2524 5188 Colb..
2540 5135 2707 5198 eﬂitdit
2732 5136 2907 5200 donum
2931 5149 3093 5186 suum.
3113 5136 3196 5186 Hic
3216 5145 3382 5189 autem
3403 5100 3555 5197 locus,
3574 5143 3629 5187 ut

2042 5200 2092 5248 in
2115 5198 2256 5250 textu
2285 5199 2442 5260 jacet,
2474 5212 2729 5307 nusguam,
2756 5202 2805 5249 ni
2830 5198 2987 5257 tollor,
3011 5199 3129 5261 ipsis
3162 5202 3329 5251 verbis
3349 5200 3557 5252 habetur
3578 5199 3635 5248 is:

2042 5267 2169 5307 Lxx.
2204 5262 2294 5307 sed
2328 5261 2378 5307 in
2419 5261 2540 5307 Jocl.
2600 5298 2612 5307 .
2640 5260 2721 5307 28-
2758 5270 2811 5307 et
2833 5262 2882 5307 iu
2905 5262 3097 5307 malum.
3130 5261 3201 5307 12.
3230 5262 3310 5307 to.
3338 5262 3513 5307 similia
3546 5261 3608 5307 ha

2328 5261 2378 5312 in
2419 5261 2540 5311 Jocl.
2565 5260 2612 5321 ‘2,
2640 5260 2722 5323 28,
2758 5270 2811 5312 et
2833 5262 2882 5310 in
2905 5260 3097 5310 tacitur.
3130 5261 3201 5324 12,
3230 5262 3310 5322 10,
3338 5262 3513 5311 similia
3546 5261 3608 5310 ha

2076 5336 2177 5373 ent
2226 5358 2236 5370 .
