4044 6380
441 419 561 431 ⁶⁵“”’“
580 420 1641 447 ω’θ“-⁵Ἧ
890 420 2003 447 .__..."'":r.::::*-—-*

469 436 885 446 —~H1M~m*’7*
1026 439 1089 446 -ρ
1854 436 2003 443 —-.-

469 436 1058 446 —~.M.M~m_——.77.___—
1072 439 1089 446 ρ

1916 312 2186 369 SPURIA.

1877 549 2232 610 MONITUM

505 671 561 726 In
600 671 739 727 hanc
766 672 1043 726 homiliam
1075 671 1190 725 haec
1225 679 1376 725 notat
1407 668 1645 725 Savilius
1670 686 1722 739 p.
1755 669 1898 725 759:
1934 689 1952 719 ‹
1993 668 2143 723 lianc
2188 667 2489 732 homiliam,
2531 667 2732 722 editam
2768 667 2955 722 Romae
3003 682 3146 722 anno
3191 667 3355 733 1581,
3400 666 3695 737 castigavi-

436 777 560 818 mus
589 778 655 818 ex
678 762 1048 832 Manuscripto
1080 778 1143 817 cx
1176 762 1509 816 Bibliotheca
1538 763 1703 832 Regia
1748 761 1992 826 Lutetiae,
2044 760 2304 815 adhibitis
2343 760 2505 813 etiam
2556 759 2823 814 Florentis
2876 760 3167 837 Christiani
3218 759 3593 829 coniecturis:
3634 775 3696 814 ac

440 856 676 923 primum
702 856 918 909 sublato
959 855 1117 908 titulo
1144 852 1376 907 Romani
1401 854 1637 917 Codicis,
1675 867 1837 923 quem
1861 852 2170 904 rectissime
2207 851 2431 902 damnat
2466 847 2709 913 Florens,
2737 865 2861 903 cum
2888 850 2957 903 de
2990 848 3189 902 Acacio
3241 849 3451 902 nullout
3502 849 3555 902 in
3595 850 3697 905 hoc

442 961 554 1003 toto
608 966 858 1005 sermone
900 950 1149 1012 verbum,
1190 950 1577 1004 substituimus
1606 948 1772 1001 alium
1826 963 1892 1001 ex
1951 947 2119 1015 Regio
2167 946 2615 999 commodiorem.
2672 943 2897 999 Florens
2946 954 3045 1013 pro
3091 943 3346 997 Ἀκάκιον
3378 960 3443 998 ex
3477 945 3696 1013 ingenio

438 1040 640 1092 ἄκακον
676 1038 1027 1112 [substituit],
1057 1049 1117 1092 ut
1141 1040 1207 1092 de
1239 1039 1457 1092 Christo
1482 1039 1832 1105 intelligatur.
1874 1056 1892 1088 ›
1923 1035 2015 1089 llis
2043 1050 2286 1090 consona
2306 1035 2439 1088 dicit
2461 1033 2665 1089 Fronto
2702 1034 2929 1089 Ducentis
2966 1035 3020 1088 in
3063 1032 3263 1095 Notis:
3300 1052 3320 1085 ί
3358 1032 3415 1086 In
3445 1036 3697 1091 Editione

438 1135 700 1201 Bonana,
738 1136 933 1205 inquit,
963 1135 1091 1189 anni
1125 1134 1284 1199 1581,
1314 1135 1439 1188 huic
1470 1134 1707 1189 sermoni
1736 1133 1992 1203 praeﬁxus
2021 1148 2061 1184 ei

2171 1130 2379 1195 titulus,
2407 1132 2487 1189 εἰς
2518 1129 2609 1182 τὸν
2666 1130 2821 1198 ἆγιον
2865 1130 3120 1182 Ἀκάκιον
3163 1129 3420 1197 ποιμένα,
3471 1132 3567 1183 καὶ
3617 1131 3696 1192 εἰς

437 1225 497 1278 τὸ
526 1225 815 1295 πρόϐατον,
853 1226 927 1279 De
954 1238 1137 1281 sancto
1169 1228 1359 1279 Acacio
1406 1235 1617 1295 pastore
1694 1235 1745 1279 et
1796 1225 1860 1277 de
1915 1241 2003 1277 ove
2031 1238 2050 1276 .'
2086 1224 2180 1278 sed
2225 1223 2510 1293 castigavit
2543 1239 2606 1275 cx
2645 1221 2741 1276 Ms.
2779 1221 2947 1290 Regio
3001 1220 3177 1275 Editio
3215 1219 3404 1275 Savilii
3446 1221 3694 1275 Graecum

447 1325 676 1381 textum,
708 1326 761 1369 et
787 1318 1177 1371 hunctilulum
1208 1317 1510 1382 substituit,
1538 1331 1698 1385 quem
1729 1314 2121 1369 exhibuimus:
2178 1313 2619 1383 quandoquidem
2661 1329 2835 1383 neque
2886 1314 2938 1367 in
2986 1322 3099 1366 toto
3141 1314 3407 1369 orationis
3463 1314 3695 1369 decursu

443 1409 647 1462 mentio
681 1410 789 1462 ulla
823 1411 881 1463 lit
911 1411 1116 1465 Acacii.
1149 1409 1275 1464 Fuit
1313 1412 1417 1465 hoc
1446 1410 1664 1464 nomine
1701 1408 1963 1462 Caesareae
2004 1407 2307 1461 Palmstinte
2352 1409 2639 1476 episcopus
2672 1408 2913 1475 quidam,
2949 1407 3039 1475 qui
3093 1407 3307 1476 synodo
3348 1405 3686 1460 Seleuciensi

447 1503 715 1568 interfuit,
750 1511 810 1557 ut
845 1518 911 1556 ex
947 1501 1240 1570 Tripartita
1269 1500 1505 1557 Historia
1532 1508 1750 1555 constat
1778 1501 1872 1553 lib.
1909 1499 1962 1561 5,
1990 1514 2039 1553 c.
2074 1498 2163 1552 54.
2191 1498 2348 1553 Alius
2379 1498 2581 1552 Beroaze
2617 1498 2717 1552 fuit
2759 1499 3050 1567 episcopus
3085 1496 3420 1565 temporibus
3447 1496 3695 1552 Gratiani

443 1597 788 1667 Imperatoris
818 1613 881 1652 ex
908 1596 1152 1667 ejusdem
1187 1595 1437 1651 Historiae
1466 1596 1557 1649 lib.
1587 1611 1660 1661 ιι,
1702 1609 1819 1664 cap.
1841 1594 1895 1647 5.
1930 1592 2093 1648 Forte
2122 1593 2385 1663 scriptum
2419 1594 2504 1647 hic
2538 1590 2658 1655 fuit,
2688 1594 2766 1655 εἰς
2791 1591 2995 1644 ἄκακον
3024 1590 3277 1658 nomen,
3314 1587 3389 1640 De
3430 1590 3703 1642 innocente

441 1702 670 1761 pastore.
708 1711 726 1742 ι

517 1784 706 1839 Utrnm
740 1796 917 1838 autem
948 1787 1061 1841 haec
1095 1787 1272 1849 lectio,
1307 1787 1387 1845 εἰς
1414 1785 1504 1839 τὸν
1536 1786 1689 1851 ἅγιον
1720 1784 2000 1850 Ἃκάκιον,
2043 1785 2061 1838 l

2151 1793 2391 1839 sanctum
2443 1782 2718 1844 Acacium,
2749 1795 2811 1833 ex
2865 1778 3209 1832 librariorum
3256 1777 3389 1831 vitio
3415 1775 3697 1830 manarit:

445 1890 625 1933 utrum
655 1894 782 1933 ve"o
813 1896 875 1933 ex
902 1882 1203 1951 cujuspiam
1230 1881 1460 1937 Graeculi
1496 1898 1633 1935 ausu
1669 1882 1873 1934 invecta
1906 1879 2089 1942 fuerit,
2126 1893 2233 1932 non
2272 1878 2344 1931 ita
2377 1875 2533 1930 facile
2561 1885 2643 1929 est
2675 1883 2934 1929 statuere.
2977 1872 3137 1927 Certe
3182 1872 3251 1925 ita
3278 1872 3468 1924 titulus
3508 1858 3694 1929 habet,

448 1986 555 2025 non
586 1970 638 2024 in
672 1971 916 2026 Romano
941 1972 1141 2028 Codice
1170 1982 1400 2036 tantum,
1433 1974 1526 2027 sed
1558 1973 1718 2026 etiam
1752 1972 1806 2025 in
1840 1972 2029 2041 Hegio,
2066 1970 2225 2038 cujus
2269 1970 2532 2024 lectiones
2563 1967 2613 2021 in
2666 1966 2788 2020 imis
2825 1967 3031 2036 paginis
3070 1968 3371 2035 posuimus.
3407 1962 3468 2017 Et
3511 1963 3701 2017 obser-

445 2084 538 2122 ves
569 2068 750 2134 velim,
787 2067 889 2122 etsi
924 2067 1081 2123 initio
1113 2070 1368 2124 memoria
1394 2077 1699 2139 martyrum
1741 2068 1793 2120 in
1828 2066 2025 2136 plurali
2052 2065 2319 2120 celebrari
2349 2064 2584 2127 dicatur,
2618 2062 2671 2115 in
2719 2060 2824 2115 line
2854 2070 3033 2115 tamen
3067 2060 3305 2114 humilia:
3338 2056 3488 2131 [8H]
3531 2074 3700 2112 unum

1265 2328 1388 2410 IN
1421 2302 2084 2412 MEMORIAM
2139 2327 2854 2428 MARTYRUM,

649 2504 729 2546 ΕΤ
770 2503 941 2556 QUOD
973 2505 1279 2548 CHRISTUS
1325 2505 1422 2547 SIT
1464 2506 1701 2548 PASTOR
1749 2508 1828 2549 ET
1854 2508 1993 2552 OVIS
2028 2512 2043 2550 τ

2151 2506 2338 2551 senon
2384 2507 2465 2548 ne
2511 2504 2674 2549 vuLo
2712 2505 2790 2547 ετ
2833 2502 3322 2546 pnonruronio
3368 2482 3480 2566 (a).

1902 2633 2275 2687 θζὲἓθὲοξὲὶϐ»

515 2778 567 2831 1.
603 2776 853 2848 Martyres
882 2793 995 2830 cum
1019 2776 1217 2833 Christo
1241 2780 1561 2849 comparati;
1592 2778 1756 2835 Filius
1776 2795 1891 2834 cum
1931 2778 2038 2834 Pa-

446 2856 520 2919 tre
543 2859 859 2918 cooperator.
890 2878 960 2888 -—
988 2849 1190 2903 Rursus
1213 2858 1507 2919 martyrum
1532 2852 1785 2905 memoria
1807 2892 1821 2916 ,
1851 2867 2037 2906 rursus

444 2918 821 2992 piorum_l‘esti
855 2919 998 2992 dies,
1050 2936 1237 2992 rursus
1283 2918 1595 2992 angelorum
1640 2932 2033 2992 argumentum,

444 3005 629 3043 rursus
654 2989 917 3063 Ecclesia:
962 2991 1265 3046 celebritas.
1296 2991 1560 3063 Memoria
1598 2989 1907 3047 esteorum
1947 2993 2039 3063 qui

445 3060 758 3134 martyrium
789 3070 913 3134 sunt
957 3062 1191 3130 perpessi
1233 3080 1246 3115 :
1295 3061 1466 3117 honor
1496 3072 1673 3134 autem
1719 3060 2035 3134 martyrum,

445 3131 613 3199 gloria
643 3140 725 3184 est
762 3131 878 3199 ejus
899 3147 995 3201 pro
1023 3148 1130 3201 quo
1153 3137 1468 3204 martyrium
1518 3133 1812 3204 subierunt.
1856 3131 2038 3204 Hono-

447 3210 635 3254 rantur
679 3211 943 3271 martyres
990 3217 1084 3262 pro
1129 3201 1343 3257 Christo
1377 3204 1550 3272 passi;
1592 3201 1843 3257 adoratnr
1880 3203 2040 3258 Chri-

446 3280 585 3343 stus,
616 3273 704 3338 qui
727 3286 826 3343 pro
847 3273 1299 3343 omnibuspassus
1326 3282 1427 3327 est.
1461 3272 1537 3327 llli
1559 3274 1773 3343 quidem
1803 3290 1895 3342 per
1915 3290 2043 3342 sup-

446 3341 662 3413 plicium
682 3356 751 3396 ex
779 3340 962 3396 humili
988 3342 1154 3413 gradu
1184 3357 1304 3398 sese
1334 3345 1385 3397 in
1416 3340 1695 3398 sublimem
1712 3340 2037 3399 evexeruiit:

447 3411 706 3467 Servatur
729 3418 909 3467 autem
936 3428 967 3466 a
994 3411 1321 3468 sublimitate
1340 3415 1651 3479 divinitatis,
1672 3414 1738 3468 ad
1771 3414 2040 3468 humilita-

448 3491 556 3555 tem
586 3484 830 3555 humanze
857 3492 1060 3555 natura:
1084 3483 1380 3551 descendit,
1419 3500 1522 3539 non
1555 3499 1801 3554 egressus
1825 3485 2040 3555 quidem

447 3569 480 3626 a_
490 3552 788 3626 dignitate,
809 3553 903 3608 sed
930 3563 986 3608 ut
1010 3556 1363 3626 meonomiam
1390 3571 1541 3610 suam
1578 3552 1909 3626 operaretur.
1935 3557 2043 3610 Au-

448 3622 847 3699 divimus_enim
870 3640 1025 3699 ‘eumg
1054 3625 1319 3681 dicentem
1366 3643 1381 3679 :
1431 3626 1541 3699 Ego
1581 3622 1695 3699 sum
1733 3636 1924 3699 pastor
1949 3626 2041 3699 oo-

447 3711 564 3769 nuc,
608 3695 695 3764 qui
733 3695 899 3769 posuit
941 3697 1163 3769 animam
1200 3713 1345 3769 suam
1393 3695 1496 3768 pro'
1523 3697 1693 3751 ovibus
1722 3697 1919 3769 (Joan.
1951 3697 2039 3753 10.

452 3766 571 3832 11);
604 3780 707 3834 qua
743 3766 832 3821 ille
871 3767 1109 3821 oratione
1154 3776 1209 3822 et
1238 3766 1622 3834 benignitatem
1661 3766 1810 3823 suam
1855 3777 2041 3824 osten-

448 3835 545 3900 dit,
574 3846 627 3890 et
666 3838 969 3908 potentiam
990 3837 1317 3905 praedicavit.
1364 3835 1497 3894 Nam
1538 3838 1678 3908 quod
1718 3853 1817 3908 pro
1852 3840 2041 3893 ovibus

449 3908 712 3980 patiatur,
760 3906 811 3961 id
851 3907 1235 3980 benignitatis;
1273 3911 1417 3980 quod
1450 3906 1577 3965 vero
1616 3906 1851 3963 animam
1889 3924 2040 3964 suam

448 3977 564 4047 ipse
610 3988 795 4048 ponat,
849 3978 901 4032 id
937 3984 1220 4048 potestatis
1272 3977 1391 4035 est:
1425 3995 1529 4035 non
1570 3981 1712 4033 enim
1751 3981 1855 4034 vim
1903 3981 2042 4048 pati-

449 4055 574 4114 tur,
620 4048 714 4120 sed
755 4050 1114 4120 teconomiam
1156 4060 1430 4120 operatur.
1479 4050 1589 4105 Etsi
1627 4066 1858 4120 namque
1902 4051 2045 4104 dicat

449 4119 724 4191 apostolus
751 4119 961 4174 Patrem
989 4120 1138 4175 illum
1167 4119 1453 4177 tradidisse
1476 4136 1575 4191 pro
1606 4120 1760 4175 nobis
1775 4119 1961 4190 ’(Rom.
1985 4120 2039 4176 8.

450 4188 565 4258 '52),
613 4205 720 4244 non
764 4191 1083 4246 necessitate
1124 4191 1320 4246 Filium
1357 4188 1584 4247 subiisse
1618 4188 1936 4260 supplicium
1965 4206 2046 4244 ar-

448 4262 603 4332 guit,
658 4261 753 4314 sed
808 4261 1138 4332 voluntatem
1197 4261 1319 4316 Filii
1378 4278 1501 4318 cum
1556 4271 1770 4332 paterna
1818 4276 2046 4316 concur-

452 4330 589 4387 risse
636 4331 889 4403 ostendit.
938 4331 1124 4387 Tradit
1171 4340 1351 4387 autem
1395 4330 1631 4403 seipsum
1680 4330 1885 4399 Filius,
1936 4346 2045 4386 non

455 4401 776 4458 necessitate
802 4403 1065 4469 serviens,
1097 4403 1192 4458 sed
1218 4418 1341 4458 cum
1368 4401 1542 4459 Patris
1568 4403 1830 4458 sententia
1856 4417 2048 4471 coope-

454 4487 602 4528 rans.
628 4472 785 4528 Aliud
822 4474 966 4529 enim
994 4483 1075 4529 est
1100 4474 1352 4530 servilem
1385 4475 1439 4530 in
1469 4474 1685 4529 modum
1713 4474 2040 4537 ministrare,

453 4543 599 4615 aliud
621 4545 802 4600 divino
832 4560 985 4600 more
1013 4546 1029 4577 ³
1053 4546 1354 4615 cooperari.
1376 4545 1709 4615 Cooperatur
1736 4544 1880 4599 enim
1920 4560 2044 4599 cum

456 4614 613 4671 Patre
643 4615 975 4686 Unigenitus,
1005 4614 1215 4672 etiamsi
1242 4616 1297 4672 id
1323 4616 1494 4673 nolint
1522 4614 1784 4680 hreretici,
1806 4615 1895 4686 qui
1924 4631 2048 4685 pro-

454 4687 569 4752 pria
596 4689 828 4757 nequitia
848 4687 1221 4742 indivisibilem
1250 4697 1495 4742 naturam
1535 4686 1800 4753 dividunt,
1828 4687 1920 4756 qui
1946 4686 2047 4739 Pa-

456 4763 593 4810 trem
642 4766 942 4814 creatorem
971 4800 986 4823 ,
1042 4758 1236 4813 Filium
1298 4758 1741 4822 subministrum,
1789 4757 2045 4826 Spiritum

457 4834 702 4883 sanctum
746 4830 874 4884 item
921 4828 1225 4884 ministrum
1267 4829 1597 4899 praedicant;
1630 4830 1719 4898 qui
1754 4843 1855 4882 nec
1899 4826 2045 4881 Pauli

458 4907 996 4970 vocesgreverentur,
1048 4901 1139 4970 qui
1185 4900 1459 4970 ministros
1500 4899 1892 4968 prmdicationis
1938 4912 2045 4970 non

461 4966 842 5039 submjnistros
878 4966 1110 5035 vocavii,
1138 4969 1234 5026 sed
1264 4966 1641 5039 cooperatores
1674 4970 1783 5035 Dei,
1813 4984 1932 5023 cum
1961 4968 2047 5021 di-

462 5039 569 5102 xit,
598 5035 694 5091 Dei
721 5056 895 5093 sumus
942 5051 1291 5110 cooperatores
1322 5035 1397 5111 (1⁷.
1434 5038 1555 5095 Cor.
1585 5040 1637 5095 5.
1666 5038 1745 5109 9).
1782 5039 2049 5111 Paulusne

464 5120 803 5176 cooperator,
834 5111 999 5167 Filius
1024 5108 1154 5168 vero
1195 5108 1585 5169 subminister?
1615 5108 1931 5179 Nequa-ras
1961 5108 2049 5178 igi-

463 5188 552 5253 tur
580 5179 706 5248 quid
741 5180 981 5253 Christus
1007 5184 1201 5237 dixerit
1246 5198 1345 5253 per
1373 5183 1617 5237 Hesaiam
1641 5223 1655 5247 ,
1680 5182 1773 5236 sed
1801 5180 1925 5249 quid
1954 5195 2051 5248 per

468 5250 723 5319 seipsnm.
798 5250 1020 5320 Propter
1083 5250 1318 5323 seipsum
1375 5253 1636 5323 siquidem
1695 5260 2045 5323 pastorest,

468 5328 689 5388 propter
727 5331 778 5376 te
830 5323 981 5384 ovis;
1033 5320 1393 5393 luec'quippe
1440 5320 1563 5378 dnte
1597 5320 1853 5378 lectiones
1889 5320 2051 5375 hodie

466 5393 1118 5465 concurrerunt.llesaias
1146 5404 1292 5465 certe
1317 5394 1513 5465 deipso
1540 5394 1821 5465 lectionem
1851 5406 2052 5461 suppe-

471 5460 670 5515 ditabat
698 5463 964 5529 eunucho,
1008 5464 1171 5531 Quasi
1208 5464 1312 5517 ovis
1337 5464 1404 5517 ad
1419 5460 1730 5519 occisionem
1768 5460 2051 5518 ductus’est

538 5600 554 5631 ί
592 5604 729 5655 neg.,
756 5606 806 5648 ut
834 5608 985 5649 Deum
1008 5599 1164 5651 decet.

480 5713 489 5723 ,
533 5659 606 5721 (a)
638 5660 810 5712 (;ollata
833 5675 951 5725 eum,
966 5670 1044 5712 Ms.
1073 5662 1220 5725 Regio
1248 5660 1382 5718 H76,
1408 5662 1456 5725 in
1478 5674 1576 5723 quo
1599 5661 1766 5725 titulus
1783 5661 1853 5710 sic
1875 5659 2049 5725 habet:

474 5720 525 5786 in
551 5730 767 5790 sanctum
810 5723 1033 5790 Acacium
1058 5720 1313 5788 pastorem.
1339 5731 1382 5773 et
1405 5723 1453 5773 in
1487 5720 1637 5783 orem,
1663 5730 1707 5774 et
1741 5723 1792 5773 in
1814 5720 1986 5782 velum,
2009 5726 2054 5769 et

473 5790 524 5829 ιη
542 5786 949 5843 propitiatorium.

2144 2781 2300 2852 (Isai.
2344 2782 2434 2837 55.
2473 2782 2527 2837 7.
2557 2782 2667 2853 Act.
2698 2781 2751 2836 8.
2794 2780 2906 2853 52):
2947 2780 3199 2853 Servator
3224 2786 3400 2853 autem
3426 2816 3441 2840 ,
3476 2772 3589 2853 Ege
3612 2791 3724 2853 enin

2145 2847 2318 2922 pastor
2360 2853 2521 2927 bonus
2553 2852 2732 2923 (Joan.
2762 2847 3007 2921 10.’11).
3049 2850 3126 2905 Tu
3164 2847 3293 2927 mihi
3327 2849 3483 2917 igitur
3533 2847 3724 2927 discri-

2146 2919 2266 2998 :men
2292 2939 2446 2979 ovem
2467 2919 2604 2978 inter
2622 2932 2677 2977 et
2706 2919 3211 2998 pastoremostende
3235 2935 3249 2983 ;
3279 2920 3579 2998 inquonam
3588 2919 3723 2981 ovis,

2144 2995 2196 3049 in
2237 3008 2468 3064 quonam
2520 2986 2816 3064 pastor-sit.
2850 2994 2958 3047 Nisi
3005 2990 3450 3064 enimpominum
3479 2986 3728 3064 different:

2143 3058 2271 3119 tiani
2291 3058 2687 3128 noveris,'unde
2711 3078 3004 3134 cognosces
3027 3060 3357 3134 excellentia:
3371 3058 3728 3134 dignitatem}

2147 3136 2328 3190 Palam
2359 3151 2487 3191 sane
2509 3146 2588 3190 est
2616 3149 2768 3209 ovem
2780 3128 2920 3209 'esse
2948 3134 3020 3209 ob
3048 3131 3304 3209 supplicii
3324 3128 3724 3209 meonomiam’.

2146 3215 2413 3276 pastorem
2433 3222 2558 3262 vero
2584 3208 2652 3261 ob
2679 3208 2969 3275 potentiam
2999 3199 3356 3276 benignitatis.
3373 3199 3556 3276 Neque
3584 3199 3727 3276 enim

2144 3268 2411 3332 erubescit
2447 3278 2584 3330 Deus
2618 3268 2873 3346 appellari
2921 3268 3149 3345 pastor:
3179 3268 3481 3343 Oportebat
3512 3268 3726 3346 quidem

2146 3364 2243 3426 nos
2283 3348 2454 3426 ipsum
2516 3340 2705 3426 Deum'
2737 3362 2803 3426 ac_
2852 3340 3380 3426 Regemjgno'scere
3413 3357 3443 3423 ε,
3479 3340 3573 3394 sed
3599 3340 3725 3426 quia

2147 3411 2316 3473 Deum
2346 3426 2403 3473 ut
2432 3418 2675 3483 homines
2704 3418 2910 3471 ratione
2934 3411 3145 3483 prmditi
3174 3429 3278 3467 non
3323 3411 3590 3476 novimus,
3617 3411 3730 3463 vult

2146 3489 2237 3545 ille
2266 3504 2382 3552 nos,
2404 3499 2470 3563 ut
2499 3503 2628 3563 oves
2648 3487 3067 3563 irrationabiles,
3092 3486 3282 3563 saltem
3310 3496 3603 3563 agnoscere
3632 3496 3728 3563 pa-

2144 3569 2368 3633 storem.
2397 3559 2453 3615 Si
2480 3561 2620 3633 enim
2644 3559 2916 3633 Servatur,
2949 3572 3072 3633 cum
3102 3557 3155 3610 in
3183 3553 3441 3633 mundpm
3468 3553 3650 3633 venit,
3681 3558 3731 3604 te

2146 3628 2417 3704 hominem
2452 3629 2821 3704 rationabilem
2873 3622 3195 3704 repetisset,
3237 3632 3295 3704 ut
3342 3624 3483 3677 Deus
3510 3622 3601 3703 tibi
3634 3635 3730 3675 ne-

2146 3703 2386 3774 cessario
2412 3701 2781 3771 apparuisset:
2812 3698 3046 3774 sed_qu_ia
3069 3706 3120 3751 te
3145 3697 3416 3774 hominem
3448 3708 3553 3774 nop
3581 3697 3732 3746 inve-

2146 3772 2247 3837 nit,
2297 3764 2566 3841 tamquam
2593 3784 2747 3825 ovem
2776 3785 2807 3824 a
2848 3764 3035 3841 priscis
3064 3782 3247 3841 usque
3284 3764 3617 3832 temporibus
3644 3778 3731 3841 er-

2145 3831 2374 3903 rantem,
2406 3831 2461 3896 et
2488 3857 2583 3911 per
2611 3831 2902 3912 prophetas
2923 3831 3207 3894 Dominum
3236 3831 3570 3912 invocantem
3592 3831 3730 3912 ;_Er-

2146 3914 2256 3966 ravt'
2286 3902 2412 3967 sicut
2446 3902 2570 3977 ouis,
2602 3902 2729 3983 qua;
2740 3912 2907 3982 periit,
2935 3925 3102 3983 quaere
3143 3923 3337 3983 servum
3367 3917 3511 3957 tuum
3544 3902 3725 3974 (Ρωι.

2153 3983 2280 4045 118,
2321 3983 2423 4037 176
2453 3983 2471 4053 )
2497 3999 2511 4036 :
2547 3977 2667 4037 ideo
2694 3977 2899 4049 regiam
2921 3977 3153 4054 occultat
3176 3977 3487 4054 dignitatem
3514 4016 3527 4038 ,
3561 3983 3729 4054 etpa-

2148 4057 2311 4108 storis
2336 4048 2519 4107 curam
2566 4048 2786 4121 profert.
2818 4052 3078 4119 Quocirca
3108 4066 3137 4104 a
3178 4048 3438 4118 principio
3466 4048 3652 4099 statuit
3679 4048 3729 4095 in

2147 4125 2374 4195 prmsepi
2395 4138 2588 4193 corpus
2623 4140 2776 4195 suum
2807 4122 3056 4195 collocari
3091 4138 3104 4174 :
3145 4128 3479 4195 matremque
3506 4124 3562 4169 et
3583 4128 3730 4170 uaco-

2147 4188 2663 4269 nomim‘ministrum
2680 4192 2879 4269 Joscph
2909 4194 2960 4246 in
2988 4191 3256 4269 angnstias
3275 4188 3531 4269 deducit_:
3559 4198 3732 4269 neqpe

2149 4267 2290 4321 enim
2323 4265 2470 4319 illum
2496 4264 2720 4318 dixerim
2750 4256 2832 4319 vel
2860 4256 3409 4331 patrem'Servatoris,
3437 4258 3519 4331 vel
3559 4256 3732 4331 Maria:

2148 4336 2453 4401 virum,sed
2481 4338 2682 4412 socium
2710 4344 2769 4412 et
2796 4326 3143 4412 mediatorem
3172 4329 3432 4412 mysterii.
3461 4326 3731 4412 §iquidem

2148 4398 2380 4480 sponsus
2402 4405 2910 4480 eratvirginis,_non
2944 4403 3168 4458 maritus
3197 4398 3311 4480 ejus
3337 4398 3734 4480 ;'_sed__niaritus

2148 4469 2363 4549 quidem
2388 4469 2705 4549 nomineire
2728 4469 2970 4549 minister
2992 4472 3328 4549 meonomiir.
3355 4469 3452 4549 llic
3482 4470 3661 4549 itaque
3683 4469 3733 4549 in

2154 4540 2738 4620 angustumdeducitur
2761 4560 2882 4601 cum
2902 4544 3150 4620 Mariain
3179 4540 3493 4620 Bethlehem
3538 4555 3554 4593 :
3581 4540 3736 4620 itaut

2151 4610 2369 4689 propter
2397 4618 2676 4691 diversorii
2707 4615 2978 4691 angustias
3007 4614 3261 4669 infamem
3287 4612 3339 4665 in
3366 4610 3735 4691 pra-sepio‘lo-

2152 4677 2269 4745 cari
2282 4688 2699 4761 necessefuerit.
2710 4677 2806 4761 Dei
2817 4696 2994 4761 autem
3014 4700 3148 4754 opus
3162 4697 3250 4738 era
3259 4691 3317 4761 n_t
3334 4677 3601 4761 angustiae.
3610 4677 3736 4742 illae,

2152 4773 2211 4815 ut
2236 4776 2300 4815 ex
2320 4760 2634 4815 necessitate
2659 4759 2710 4813 in
2737 4758 2887 4812 illum
2909 4750 3267 4826 deponeretur
3285 4753 3460 4826 locum
3482 4750 3738 4819 benignus

2156 4832 2246 4885 ille
2273 4847 2288 4897 ;
2318 4831 2696 4899 deponeretur,
2723 4829 2959 4899 inquam,
2985 4823 3207 4899 propter
3228 4823 3498 4879 carnalem
3521 4833 3739 4899 (econoo

2153 4892 2459 4956 miam.(1ur
2484 4901 2584 4955 hoc
2605 4892 3006 4969 ita'dispcnsat?
3026 4892 3158 4965 Quia
3187 4907 3425 4964 praisepe
3443 4901 3526 4947 est
3555 4892 3738 4969 bruto-

2153 4988 2269 5027 rum
2297 4987 2502 5034 mensa;
2539 4960 2840 5025 humanitas
2856 4960 3615 5039 veroin'brut'orum‘naturam
3641 4960 3737 5039 dc-

2151 5043 2427 5113 generavit
2456 5041 2650 5112 (Homo
2680 5041 2844 5106 enim,
2871 5056 2986 5115 cum
3028 5039 3081 5115 in
3125 5037 3312 5115 (tortore
3335 5042 3482 5115 esset,
3523 5047 3641 5115 non_
3661 5037 3741 5112 in-

2154 5105 2378 5177 Fellcxit;
2403 5105 2723 5182 comparatus
2751 5105 2838 5165 est
2855 5110 3101 5182 jumentis
3127 5105 3572 5182 insipientibus,__et
3597 5105 3741 5181 simi-

2154 5185 2217 5238 lis
2244 5173 2408 5255 facttts
2432 5173 2654 5252 est'illis)
2687 5173 2969 5255 (Ρεαιζιε.
2998 5181 3084 5248 15)
3106 5196 3129 5255 _:
3163 5173 3433 5255 caflemem
3476 5173 3652 5255 cibum
3687 5173 3737 5223 in

2157 5246 2436 5309 brutorum
2466 5246 2652 5308 mensa
2680 5246 2917 5323 apponit,
2947 5260 3005 5305 ut
3030 5246 3327 5323 quisnimo
3351 5246 3490 5301 bruti
3530 5256 3735 5323 essent.

2156 5326 2209 5379 in
2244 5325 2503 5396 praisepi,
2555 5313 2801 5396 quasi-in
2834 5313 3170 5396 propria-sibi
3198 5331 3412 5396 mensa,
3454 5328 3570 5396 non
3606 5313 3737 5396 ultra

2157 5380 2432 5451 brutorum
2463 5380 2664 5451 {mnbm
2694 5380 2991 5466 invenirent
3010 5390 3146 5466 ;__sed
3175 5403 3299 5466 eum
3325 5386 3414 5466 qui
3445 5384 3598 5466 dixit,
3630 5380 3737 5451 Ego

2156 5483 2268 5521 sum
2294 5468 2458 5534 panis.
2482 5469 2567 5536 qui
2598 5466 2660 5519 dc
2681 5466 2804 5519 mlo
2833 5463 3105 5536 descendit,
3125 5470 3195 5525 ct,
3214 5459 3299 5528 qui
3320 5458 3406 5510 dat
3430 5458 3583 5509 vitam
3597 5469 3736 5534 utun-

2159 5537 2225 5609 ᾴο
2254 5536 2432 5608 (Joan.
2453 5535 2506 5593 6.
2532 5538 2619 5593 55.
2649 5537 2764 5606 41).
2782 5536 2917 5609 Ovis
2938 5535 3095 5603 igitur
3124 5538 3734 5609 propterpcnttomlam.

2160 5600 2301 5663 Deus
2348 5623 2474 5663 vero
2501 5600 3167 5678 propter'gloriam'suam.
3224 5600 3381 5654 Ponit
3427 5600 3585 5666 igitur
3620 5600 3733 5646 ani-

2218 5721 2241 5789 }
2278 5718 2474 5771 Florens
2503 5719 2797 5771 Christianus
2839 5723 3042 5784 mavult,
3079 5709 3139 5766 ob
3164 5702 3405 5775 passionis
3438 5700 3527 5755 Dei
3555 5710 3738 5751 reconc-

2159 5794 2322 5832 mam.
