4044 6378
286 293 357 348 ἐξ
372 294 390 349 1
1253 294 1346 351 ΠΕ
1386 294 1843 352 CONFESSlONE
1884 296 1922 351 Ρ

2012 295 2242 352 ιτιυςιις
2281 264 2541 355 caveis.

331 478 462 486 ._-__..
507 478 529 485 _
1178 478 2269 490 ___._.__.___-.___.._______._
3005 484 3049 495 ._
3427 488 3483 494 -.
3552 489 3577 496 _

1666 481 1697 488 -ν

1481 634 2361 750 ιιιοιπιτυπ

1138 850 1221 912 IN
1260 848 1676 913 HOMILIAM
1705 849 1812 911 DE
1854 847 2395 911 CONFESSIONE
2444 850 2742 915 CRUCIS.

368 994 497 1052 meo
541 991 763 1065 homilia
806 993 1125 1065 praecedenti
1173 1010 1391 1065 prorsus
1425 995 1616 1052 similis
1661 1006 1777 1060 est;
1824 997 1894 1050 ita

302 1077 359 1119 ut
400 1068 561 1120 etiam
593 1063 760 1119 multa
799 1063 867 1117 ad
888 1065 1108 1120 verbum
1148 1063 1212 1120 ex
1257 1066 1351 1121 illa
1394 1078 1666 1121 mutuatus
1708 1070 1777 1123 sit
1809 1068 1894 1123 hic

301 1136 642 1208 quisquis_sit
661 1135 916 1208 scriptor.
942 1133 1301 1205 Quamobrem
1326 1138 1450 1207 jure
1487 1147 1605 1208 post
1630 1139 1774 1193 illam
1808 1142 1893 1193 iu-

303 1204 386 1261 ter
416 1205 601 1276 spuria
625 1204 921 1276 ablegatur.

2072 993 2569 1074 Interpretationem
2599 998 2861 1055 Joachimi
2886 999 3115 1057 Periouii
3138 1002 3341 1074 aliquot
3369 1002 3423 1059 in
3450 1002 3573 1061 locis

1996 1065 2397 1134 castigavimus.

307 1342 3583 1366 Wm—

1377 1431 1921 1516 EJUSDEM
1965 1432 2407 1520 ORATIO
2450 1425 2563 1525 ((⁸),

300 1605 432 1660 ΟῸΔ
464 1608 671 1653 ΒΟΟΕΤ
709 1610 837 1654 NON
896 1609 1047 1655 ESSE
1107 1610 1463 1655 VERENDUM
1528 1611 1869 1656 CONFITERI
1912 1614 2203 1658 SANCTAM
2247 1615 2527 1673 CRUCEM,
2561 1620 2645 1661 ET
2687 1620 2805 1662 PER
2851 1620 2984 1663 EAM
3051 1621 3164 1664 N08
3209 1622 3247 1664 Α
3306 1619 3580 1665 CHRISTO

384 1710 531 1755 ESSE
574 1711 1034 1766 CONSERVATOS,
1080 1712 1163 1755 ΕΤ
1228 1712 1293 1755 ΙΝ
1338 1713 1417 1755 ΕΔ
1479 1712 1620 1755 ESSE
1662 1713 1922 1756 αιοιιιλιι

2012 1714 2128 1759 Ill:
2175 1714 2258 1757 DE
2326 1716 2605 1761 VIRTUTE
2651 1719 2848 1762 ΕΤΙΔΜ
2918 1720 3091 1778 AGIT,
3149 1722 3229 1764 ET
3281 1717 3591 1775 QUOMODO

384 1809 693 1857 CHRISTUS
733 1813 1028 1857 SALUTEM
1068 1813 1365 1857 NOSTIAM
1407 1813 1721 1866 EXOPTET,

1665 1960 2031 2016 —-—aieae

384 2098 435 2151 1.
476 2096 590 2151 Hoc
633 2104 736 2164 est,
768 2096 980 2171 fratres,
1027 2100 1237 2169 signum
1284 2100 1434 2162 illud,
1466 2101 1607 2171 quod
1642 2102 1899 2157 Dominus

304 2168 558 2222 daturum
607 2182 666 2221 se
697 2169 946 2224 omnibus
985 2168 1227 2237 promisit
1274 2172 1357 2225 his
1384 2168 1584 2237 verbis,
1632 2171 1901 2227 Genemtio

305 2238 539 2313 improba
564 2248 619 2313 et
638 2238 1165 2313 adulterina_signunt
1192 2243 1391 2309 qmerit,
1424 2255 1470 2296 et
1501 2245 1546 2296 ei
1574 2244 1774 2313 signum
1800 2258 1901 2313 non

308 2310 535 2374 dubitur,
564 2309 891 2383 nisisignum
920 2310 1071 2365 lena:
1115 2314 1375 2381 propheta:
1401 2309 1733 2383 (Matt/udi
1764 2312 1855 2383 59)
1882 2329 1896 2366 :

307 2395 525 2434 crucem
562 2379 882 2448 intelligens,
914 2392 1162 2445 mortem,
1197 2379 1545 2450 Sepulturam,
1577 2393 1628 2437 et
1657 2379 1903 2438 resurre-

310 2451 569 2504 ctiouem.
596 2451 803 2504 Rursus
825 2451 980 2505 aliter
1004 2452 1109 2504 vim
1137 2454 1311 2507 crucis
1334 2453 1633 2516 declarans,
1666 2455 1789 2508 alibi
1820 2454 1904 2507 di-

311 2523 493 2594 cebat,
523 2519 659 2594 (ΖιιιιιΔ
689 2521 1029 2594 exaltuveritis
1069 2520 1261 2594 Filium
1286 2522 1529 2594 nonanis,
1572 2536 1690 2577 tunc
1717 2540 1903 2594 cogno-

312 2593 482 2665 scetis,
522 2591 659 2665 quod
689 2606 779 2665 ego
805 2608 915 2645 sum
947 2591 1126 2665 (Joan.
1152 2593 1205 2647 8.
1236 2592 1356 2661 28).
1397 2594 1528 2649 Cum
1574 2609 1681 2659 me,
1712 2591 1900 2664 induit,

311 2661 461 2715 cruci
504 2661 834 2727 suiﬁxcritis,
873 2672 927 2715 et
958 2661 1053 2716 'me
1077 2662 1274 2718 victum
1313 2664 1762 2728 existimaveritis,
1786 2661 1901 2718 tum

314 2734 549 2804 maxime
572 2733 885 2804 rvim_mcam
916 2734 1246 2804 intelligetis.
1295 2735 1360 2788 Et
1389 2737 1538 2789 recte
1579 2736 1629 2788 id
1657 2735 1903 2789 Christus

314 2803 627 2856 afﬁrmavit.
662 2802 868 2873 Postea
913 2804 1056 2857 enim
1096 2802 1255 2873 quam
1295 2805 1540 2859 Christus
1581 2806 1635 2859 in
1689 2819 1905 2860 crucem

316 2884 471 2927 actus
511 2882 615 2938 est,
654 2871 958 2927 Judmorum
990 2871 1406 2931 consuetudines
1454 2875 1612 2930 ﬁnem
1641 2884 1695 2930 et
1722 2876 1906 2929 termi-

317 2959 448 2996 num
470 2942 789 3009 habueruut,
822 2944 1126 3011 praedicatio
1150 2944 1346 3008 ﬂoruit,
1375 2946 1440 3000 ad
1464 2946 1597 3001 ﬁnes
1614 2946 1904 3000 terminos-

316 3028 426 3082 que
472 3013 617 3068 orbis
670 3022 932 3068 terrarum
974 3017 1194 3070 verbum
1224 3018 1504 3087 pervasit:
1535 3016 1756 3087 ejusque
1798 3017 1903 3070 vim

319 3093 471 3158 terra
505 3093 763 3158 etmare,
815 3094 919 3137 tam
960 3101 1024 3139 ea
1062 3086 1547 3158 qualiabitantur,
1592 3086 1751 3158 quam
1788 3101 1908 3158 qua“.

317 3169 427 3208 non
461 3155 784 3222 habitantur,
818 3170 1033 3223 semper
1064 3156 1372 3225 prmdicant.

394 3224 571 3297 Crucis
596 3227 793 3294 signant
815 3224 1090 3297 gloriosum
1111 3238 1157 3281 et
1184 3229 1370 3297 passim
1400 3225 1715 3291 adhibitum;
1743 3228 1908 3282 crucis

316 3295 575 3368 mirabilia
614 3311 786 3368 apere.
808 3295 882 3335 4—
914 3295 1192 3352 Neminem
1229 3298 1390 3368 igltur
1431 3300 1782 3368 gloriosorum
1820 3312 1907 3352 sa-

317 3365 450 3419 lautis
479 3376 678 3439 nostrae
707 3367 977 3435 signorum
1009 3369 1221 3437 pudeat,
1255 3365 1585 3439 summ—mque
1609 3369 1868 3423 bonorum
1889 3409 1905 3436 ,

317 3451 429 3504 qua
458 3442 513 3489 et
533 3437 758 3491 vivimus
787 3444 841 3490 et
861 3453 1075 3502 sumus;
1108 3440 1201 3493 sed
1233 3449 1291 3493 ut
1310 3437 1585 3504 coronam,
1613 3441 1690 3494 sic
1708 3439 1908 3493 Christi

318 3521 537 3579 crucem
566 3506 819 3579 feramus.
848 3508 1055 3579 Etenim
1084 3520 1281 3563 uestra:
1309 3510 1581 3579 religionis
1607 3510 1783 3563 omnia
1815 3525 1910 3579 per

318 3577 468 3649 illam
502 3578 845 3649 perﬁciuntur
869 3595 883 3632 ε
911 3578 1023 3649 sive
1051 3577 1457 3649 regeneration‘e
1487 3594 1619 3644 opus
1644 3589 1755 3644 est,
1778 3577 1906 3634 crux

319 3645 515 3712 adest,
548 3648 661 3702 sive
703 3648 993 3718 spiritualis
1040 3645 1139 3704 ille'
1166 3665 1230 3704 ac
1277 3650 1585 3704 tremendus
1625 3649 1776 3704 cibus
1821 3665 1910 3703 su-

318 3718 707 3789 ruendusiest,
740 3720 856 3774 sive
897 3720 950 3773 in
998 3720 1240 3774 ordinem
1283 3720 1704 3775 ecclesiasticum
1747 3720 1906 3789 aliqui

316 3788 640 3861 cooptandi,
665 3790 778 3843 sive
818 3789 1026 3858 quidvis
1051 3791 1191 3845 aliud
1236 3790 1535 3846 faciendum
1573 3801 1682 3855 est,
1714 3788 1910 3861 ubique

320 3859 566 3913 victoria:
594 3868 790 3913 nostrae
818 3861 1026 3929 signum
1065 3863 1236 3916 adest.
1282 3862 1406 3917 Ideo
1444 3862 1589 3915 illam
1628 3862 1753 3915 etin
1781 3859 1909 3915 tedi-

320 3929 445 3987 bos.
495 3940 551 3985 et
597 3929 651 3983 in
703 3932 890 3998 muris,
923 3941 978 3986 et
1015 3932 1068 3987 in
1112 3933 1339 3995 foribus,
1382 3941 1436 3987 et
1463 3934 1514 3987 in
1553 3932 1723 3986 fronte
1756 3939 1812 3987 et
1856 3933 1907 3987 in

321 4008 507 4074 mente
545 4014 664 4055 cum
692 4016 888 4071 magno
922 4003 1099 4057 studio
1131 4003 1486 4074 depingimus.
1524 4002 1731 4058 Nostra:
1765 4003 1907 4058 enim

317 4069 512 4124 salutis
548 4069 951 4142 communisque
990 4069 1249 4128 libertatis
1298 4069 1356 4129 et
1399 4074 1651 4129 bonitatis
1700 4074 1909 4129 Domini

322 4142 627 4213 nosuirhoc
654 4143 1025 4213 signumiest:
1056 4143 1335 4213 Tamquam
1367 4145 1510 4200 enim
1552 4145 1658 4199 ovis
1695 4146 1764 4197 ad
1809 4160 1910 4197 ειε-
1944 4186 1957 4196 .

320 4211 674 4288 demunt-tus
710 4211 787 4266 est
834 4212 986 4285 (Isui.
1034 4215 1121 4270 5'5.
1168 4211 1244 4288 7).
1294 4215 1516 4282 Quando
1562 4231 1689 4284 ergo
1734 4215 1911 4270 censi-

317 4283 524 4357 gnaris,
555 4284 731 4352 cogita
781 4283 945 4357 totum
982 4288 1164 4357 crucis
1198 4283 1589 4357 argumentum,
1632 4283 1909 4355 exstingue

320 4354 457 4405 iram
486 4365 539 4406 et
569 4357 804 4427 reliquos
829 4356 991 4409 animi
1018 4354 1510 4427 aﬁ‘cctusiquando
1546 4354 1905 4426 consignaris,

321 4437 518 4497 magna
550 4424 741 4479 ﬁducia
783 4425 1009 4481 frontem
1049 4428 1237 4497 imple,
1272 4424 1505 4481 animum
1547 4424 1817 4482 tuum‘fac
1842 4429 1908 4481 li-

322 4494 536 4568 berum.
564 4497 723 4568 Scitis
748 4505 946 4568 autem,
967 4494 1387 4568 plane'qmeuam
1427 4499 1580 4552 nobis
1608 4499 1907 4553 libertatem

315 4562 572 4636 atl‘crant.
601 4564 783 4635 Itaque
825 4562 1019 4622 Paulus
1048 4583 1147 4624 nos
1163 4562 1249 4623 'ad
1284 4569 1383 4622 hoc
1427 4569 1597 4636 ipsum
1641 4569 1905 4636 incitans,

318 4632 396 4687 ad
443 4632 739 4708 libertatem
787 4636 908 4692 dico
955 4653 1074 4708 qua:
1118 4640 1268 4694 nobis
1307 4632 1588 4708 competit,
1627 4632 1909 4695 dominicae

316 4705 498 4777 (meis
525 4721 588 4760 ac
638 4708 910 4777 sanguinis
938 4705 1306 4765 recordatione
1350 4705 1532 4764 invitat
1561 4710 1661 4764 hoc
1705 4712 1862 4765 modo
1886 4728 1905 4766 :

320 4772 504 4848 Pretio
529 4778 693 4848 enim,
724 4772 911 4847 inquit,
942 4780 1098 4848 empti
1123 4782 1270 4847 estis;
1300 4782 1453 4835 nolite
1481 4784 1610 4836 servi
1650 4782 1908 4836 hominum

318 4845 452 4914 eﬂ‘ici
486 4850 565 4916 (Ι.
600 4847 728 4921 Cor.
767 4845 818 4903 τ.
859 4849 975 4919 25).
1008 4845 1223 4919 Cogita,
1251 4845 1458 4920 inquit,
1501 4856 1725 4920 pretium
1764 4854 1904 4921 quod

321 4932 427 4986 pro
452 4926 502 4971 te
532 4919 764 4973 solutum
802 4932 904 4986 est,
932 4931 985 4973 et
1027 4923 1228 4976 nullius
1256 4919 1715 4979 hominis’servus
1753 4919 1859 4979 eris
1890 4944 1904 4980 :

319 4988 521 5055 quibus
567 4990 746 5065 verbis
795 4991 1021 5065 pretium
1065 4994 1301 5065 appellat
1337 4994 1679 5065 sanguinem,
1727 4995 1814 5065 qui
1852 4997 1907 5051 in

316 5073 485 5131 cruce
514 5060 767 5131 profusus
795 5069 897 5114 est.
930 5060 1044 5114 Non
1075 5060 1217 5117 enim
1262 5060 1573 5130 simpliciter
1614 5060 1779 5131 digiti»
1809 5066 1909 5121 im-

319 5129 606 5203 priuienda
651 5140 706 5185 et
751 5132 1105 5203 consignanda
1149 5144 1263 5197 est,
1305 5129 1400 5188 sed
1445 5135 1593 5203 prius
1637 5129 1908 5194 voluntate

319 5196 390 5251 ac
414 5196 636 5274 judicio,
667 5216 787 5255 cum
829 5196 1019 5274 magna
1063 5202 1197 5268 ﬁde;
1230 5196 1332 5274 qua
1375 5196 1457 5259 sic
1496 5205 1548 5258 in
1581 5207 1748 5261 oculis
1788 5209 1907 5261 vul-

319 5278 490 5335 tuque
533 5271 813 5345 impressa,
845 5272 1173 5345 impurorum
1208 5271 1663 5345 scelestorumque
1703 5277 1906 5332 dmino-

320 5354 465 5415 nuin
488 5342 665 5396 nullus
688 5341 752 5396 ad
777 5351 833 5415 te
858 5343 1125 5415 accedere
1149 5360 1400 5415 umquam
1441 5341 1652 5415 poterit,
1682 5363 1907 5405 cernens

316 5409 559 5477 gladium
591 5426 699 5489 quo
741 5412 790 5489 ei
820 5414 1011 5489 vulnus
1056 5409 1311 5489 intlictuin
1339 5409 1456 5489 est,
1486 5409 1779 5489 vidensque
1807 5435 1903 5474 eo-

318 5494 440 5556 .sem
467 5522 486 5556 ,_
512 5496 616 5551 quo
646 5483 856 5556 letalem
886 5482 1093 5556 plagam
1122 5486 1348 5556 accepit.
1387 5485 1441 5539 Si
1474 5488 1615 5541 enim
1660 5482 1755 5542 nos
1782 5508 1905 5545 cum

324 5550 444 5605 loca
475 5550 539 5605 in
570 5553 761 5622 quibus
806 5550 1043 5609 damnati
1081 5550 1587 5626 capite'plcctuntur
1630 5559 1902 5625 videmus,

373 5684 444 5747 (α)
477 5686 661 5738 Collata
682 5699 793 5738 ctam
816 5685 1068 5740 culicibus
1089 5690 1251 5749 Regiis
1272 5688 1409 5755 1828,
1432 5691 1569 5753 1829,
1593 5697 1644 5742 et
1665 5687 1804 5739 242i.

1780 1813 1845 1858 ια
1888 1814 1972 1856 DE
2017 1814 2173 1856 Εῐιῐζῐῖ
2184 1814 2454 1859 MOSYNA.

2033 1982 2258 1997 m

2009 2100 2474 2166 exhorrescimus,
2502 2101 2673 2171 cogita
2707 2101 2833 2172 quid
2873 2110 3185 2159 eventurum
3226 2103 3295 2160 sit
3338 2104 3552 2160 diabolo
3574 2143 3594 2171 ,

2009 2186 2130 2227 cum
2175 2187 2320 2245 arma
2365 2172 2597 2245 videbit,
2631 2173 2821 2245 quibus
2859 2174 2964 2245 vim
3015 2183 3435 2243 potestatemque
3474 2176 3592 2245 ejus

2009 2256 2224 2316 omnem
2264 2241 2510 2298 Christus
2549 2242 2829 2312 dissolvit,
2872 2241 3228 2315 draconisque
3265 2241 3425 2316 caput
3475 2241 3595 2301 ain-

2051 2315 2234 2366 ntavit.

2009 2326 2278 2437 pl';:\ll‘lt«.ili
2307 2382 2466 2455 igitur
2490 2386 2846 2455 committere,
2879 2391 2939 2439 ut
2968 2392 3019 2438 te
3048 2386 3177 2439 tanti
3207 2384 3332 2440 boni
3362 2385 3591 2455 pudeat,

2010 2466 2078 2507 ne
2104 2455 2175 2507 tui
2202 2454 2360 2508 etiam
2388 2454 2658 2509 Christum
2686 2454 2903 2524 pudeat,
2927 2457 3139 2523 quando
3156 2470 3276 2510 cum
3299 2456 3466 2523 gloria
3498 2472 3594 2511 sua

2009 2525 2208 2595 veniet,
2241 2533 2294 2579 et
2316 2524 2524 2593 signum
2553 2539 2734 2580 coram
2762 2527 3071 2594 apparebit,
3101 2526 3479 2595 supcraliitque
3504 2541 3595 2579 Sn-

2011 2592 2077 2647 lis
2121 2595 2301 2649 radios
2340 2592 2560 2648 lumine.
2601 2595 2741 2650 Crux
2775 2592 2917 2649 enim
2967 2606 3077 2650 tum
3119 2592 3416 2665 apparebit,
3470 2597 3596 2650 mit-

2013 2670 2195 2733 tetque
2234 2679 2418 2737 vocem
2448 2675 2664 2734 aspectu
2701 2680 2830 2737 suo,
2858 2677 3018 2736 atque
3042 2682 3157 2737 Apro
3187 2667 3411 2721 Domino
3455 2666 3597 2737 apud

2011 2748 2199 2789 omnes
2246 2735 2392 2788 orbis
2433 2745 2697 2789 terrarum
2740 2735 2984 2791 homines
3024 2735 3391 2791 defensionem
3440 2735 3595 2792 iusti-

2014 2813 2157 2876 tuet,
2201 2804 2520 2876 docebitque
2570 2806 2701 2876 nihil
2742 2805 2810 2859 ab
2853 2821 2919 2860 eo
2967 2808 3387 2876 prastermissum
3437 2822 3594 2873 esse,

2011 2874 2151 2942 quod
2194 2875 2259 2946 ad
2306 2875 2515 2929 illorum
2557 2875 2785 2929 salutem
2824 2874 3139 2946 pertineret.
3183 2877 3295 2930 lloc
3324 2878 3483 2931 etiam
3517 2879 3595 2931 si-

2010 2959 2173 3014 gnum
2200 2945 2392 3015 januas
2420 2946 2629 3000 clausas
2660 2945 2918 3016 majorum
2946 2958 3250 3001 nostrorum
3280 2958 3434 3001 aetate
3465 2963 3597 3015 ape-

2013 3016 2120 3088 ruit
2149 3031 2188 3088 τί
2217 3016 2318 3069 hoc
2361 3016 2560 3088 noxiam
2582 3018 2962 3088 mortﬁiferaqne
3003 3032 3209 3071 venena
3253 3017 3545 3088 profligavit
3578 3032 3596 3072 :

2014 3086 2118 3157 hoc
2146 3087 2333 3140 cicuta:
2361 3087 2467 3140 vim
2493 3086 2647 3140 diluit
2672 3105 2684 3139 :
2716 3087 2822 3157 hoc
2849 3089 3077 3157 denique
3099 3086 3476 3142 venenatarum
3497 3087 3594 3141 be-

2014 3156 2236 3211 stiarum
2279 3170 2491 3211 morsus
2529 3157 2752 3212 curavit.
2794 3156 2847 3212 Si
2892 3156 3034 3212 enim
3080 3158 3369 3213 inferorum
3418 3168 3599 3226 portas

2013 3228 2275 3298 reseravit
2316 3235 2370 3282 et
2413 3227 2664 3281 caelorum
2713 3228 2926 3297 apsides
2967 3230 3205 3298 aperuit,
3257 3228 3598 3298 paradislqre

2014 3295 2216 3352 aditum
2243 3299 2509 3370 restituit,
2542 3306 2596 3352 et
2623 3295 2819 3353 diaboii
2857 3295 3052 3353 nervos
3094 3295 3285 3368 fregit}
3323 3300 3446 3370 quid
3493 3295 3598 3370 ῄιίδ

2017 3383 2134 3422 rum
2154 3411 2170 3435 ,
2211 3369 2254 3422 si
2285 3369 2554 3424 mortifera
2582 3385 2786 3425 venena
2813 3380 2866 3422 et
2902 3370 3100 3423 bestias
3137 3378 3192 3424 et
3219 3370 3319 3423 alia
3342 3368 3596 3437 ejusdem

2017 3440 2228 3507 generis
2260 3439 2428 3494 vincit
2474 3451 2525 3494 et
2557 3440 2811 3508 supcrat?
2843 3440 2954 3494 [loc
2993 3440 3152 3509 igitur
3195 3441 3246 3493 in
3294 3450 3473 3495 mente
3510 3449 3597 3492 tua

2016 3509 2278 3578 insculpe,
2326 3511 2733 3578 animorumque
2774 3522 3078 3565 nostrorum
3123 3510 3346 3565 salutem
3389 3512 3596 3578 ampleo

2014 3580 2191 3632 clitor.
2222 3579 2364 3633 Crux
2395 3580 2537 3634 enim
2571 3580 2685 3633 bare
2710 3580 2894 3634 orbem
2921 3590 3177 3633 terrarum
3199 3580 3481 3644 convertit,
3513 3595 3602 3633 ero

2012 3662 2193 3702 rorem
2229 3651 2463 3716 expulit,
2499 3651 2778 3703 veritatem
2828 3651 3137 3715 revocavit,
3174 3658 3369 3703 terram
3407 3649 3599 3703 ca-lum

2014 3716 2160 3790 fecit,
2208 3718 2453 3790 homines
2479 3721 2697 3790 angelos
2730 3719 2989 3790 reddidit.
3013 3718 3148 3790 llinc
3179 3719 3450 3773 drcmooes
3491 3735 3600 3773 non

2012 3786 2121 3856 jam
2153 3789 2438 3843 horribiles
2468 3786 2619 3855 sunt,
2648 3789 2741 3842 sed
2784 3789 3160 3844 contemnendi
3192 3807 3205 3843 :
3237 3805 3408 3859 neque
3452 3804 3601 3843 mors

2014 3868 2097 3913 est
2115 3874 2277 3924 mors,
2299 3860 2390 3914 sed
2409 3874 2647 3914 somnus.
2667 3860 2991 3927 Ilacabjccta
3016 3871 3138 3914 sunt
3159 3860 3303 3913 humi
3319 3860 3606 3913 conculca-

2013 3936 2172 4014 taquc
2191 3931 2512 4014 omniaquae;
2537 3930 2701 4014 nobis
2726 3932 3091 4014 tulversautur.
3123 3930 3271 4013 Quod
3289 3931 3477 4014 simquis
3508 3929 3606 3982 .lu-

2015 3999 2163 4054 dmus
2203 4000 2304 4055 hoc
2332 3999 2423 4056 tibi
2464 4001 2699 4071 objiciat,
2731 4002 2861 4056 Eum
2890 4010 2944 4054 tu
2974 4003 3061 4070 qui
3093 4001 3234 4059 cruci
3267 4000 3492 4055 sufﬁxus
3520 4008 3604 4054 est

2015 4071 2247 4124 adoras?
2286 4074 2334 4127 ei
2375 4073 2534 4127 alacri
2580 4087 2875 4139 magnaque
2915 4087 3049 4125 voce
3086 4086 3149 4125 ac
3190 4072 3312 4126 ιτειο
3337 4071 3484 4124 vultu
3516 4085 3601 4124 re-

2015 4141 2294 4209 ‘Spondcto,
2313 4146 2470 4198 Certe
2489 4144 2676 4210 adoro,
2695 4157 2790 4196 nec
2802 4143 3024 4196 adorare
3040 4157 3159 4195 eum
3178 4141 3460 4196 desistam:
3480 4148 3533 4195 et
3554 4140 3598 4194 si

2014 4211 2206 4283 rideat,
2241 4212 2362 4269 dole
2387 4214 2503 4283 ejus
2547 4215 2715 4267 vicem
2756 4228 2878 4266 cum
2918 4213 3186 4283 lacrymis,
3232 4211 3373 4283 quod
3414 4226 3599 4283 amens

2012 4281 2103 4336 sit.
2132 4282 2346 4338 Christo
2365 4280 2584 4338 Domino
2609 4299 2704 4353 age
2733 4284 2931 4353 gratias
2951 4324 2966 4348 ,
2994 4280 3135 4351 quod
3164 4280 3420 4353 beneﬁcia
3450 4280 3600 4351 ejus-

2014 4352 2159 4423 modi
2192 4354 2244 4407 in
2275 4368 2373 4408 nos
2393 4352 2706 4418 contulerit,
2740 4352 2859 4423 qua:
2888 4354 3003 4406 sine
3025 4353 3220 4406 caelesti
3267 4352 3596 4423 revelatioue

2013 4420 2221 4479 discere
2257 4439 2416 4478 nemo
2455 4424 2640 4493 possit.
2684 4420 2804 4477 Ideo
2849 4438 3078 4491 namque
3104 4423 3259 4493 ridet,
3301 4424 3420 4492 quia
3466 4422 3599 4493 4m“-

2012 4494 2332 4565 ntalisihomo
2352 4490 2466 4565 non
2493 4493 2799 4565 percipit‘ea,
2834 4508 2947 4565 quae
2975 4490 3087 4545 sunt
3119 4490 3343 4562 Spiritui
3371 4493 3445 4563 (1.
3472 4490 3595 4565 Cor.

2013 4561 2069 4615 2.
2105 4564 2212 4634 14),
2246 4561 2675 4632 quandoquidem
2711 4563 2815 4617 hoc
2846 4561 3015 4617 etiam
3051 4561 3232 4634 pueris
3275 4561 3397 4634 usu:
3415 4564 3597 4623 venit.

2014 4647 2136 4686 cum
2165 4632 2361 4702 aliquid
2388 4648 2638 4703 magnum
2671 4642 2724 4688 et
2750 4632 3101 4687 admiratione
3137 4633 3353 4701 dignum
3387 4632 3599 4685 intuen-

2012 4712 2102 4776 tur
2128 4718 2144 4776 ξ
2175 4719 2238 4776 ac
2264 4704 2306 4758 si
2337 4720 2563 4776 puerum
2591 4703 2657 4758 ad
2685 4704 2938 4776 mysteria
2969 4704 3347 4776 introduxeris,
3378 4703 3595 4776 ridebit.

2012 4773 2109 4827 His
2134 4774 2294 4843 igitur
2321 4775 2500 4843 pueris
2529 4784 2714 4843 gentes
2743 4773 2873 4827 sunt
2897 4774 3097 4827 similes
3116 4817 3130 4837 ,
3158 4788 3344 4827 verum
3376 4775 3592 4841 pueris,

2014 4855 2071 4898 ut
2099 4845 2168 4897 ita
2199 4845 2392 4909 dicam,
2417 4846 2832 4912 imperlccliores
2858 4853 3001 4905 sunt,
3034 4844 3103 4897 ob
3128 4858 3350 4912 eamque
3379 4857 3596 4897 causam

2010 4917 2344 4982 miseriores,
2375 4916 2514 4984 quod
2542 4930 2648 4969 non
2679 4916 2734 4970 in
2774 4915 3053 4968 immatura
3077 4923 3234 4968 artate
3255 4955 3268 4976 ,
3293 4913 3387 4968 sed
3420 4915 3471 4967 in
3499 4916 3597 4968 ab-

2013 4988 2185 5041 soluta
2231 4996 2287 5040 et
2322 4993 2601 5040 constante
2644 4986 2694 5039 in
2741 4984 2861 5039 illos
2904 4985 3091 5039 eadem
3140 4999 3260 5054 quae
3301 4984 3373 5054 in,
3400 4999 3597 5053 pueros

2013 5056 2227 5110 cadunt.
2258 5057 2439 5126 Itaque
2466 5072 2533 5110 ne
2567 5057 2720 5110 venia
2748 5054 2961 5125 quidem
2991 5056 3132 5124 digni
3163 5053 3303 5126 sunt.
3333 5053 3442 5108 Nos
3468 5069 3597 5126 vero

2013 5127 2153 5180 clara
2186 5124 2480 5197 magnaque
2499 5141 2629 5181 voce
2651 5124 2962 5189 claniemus,
2995 5124 3437 5197 atquedicamAus,
3461 5139 3524 5179 ac
3552 5124 3597 5182 si

2013 5210 2200 5251 omnes
2219 5194 2319 5266 μή
2329 5194 2406 5252 tes
2426 5197 2621 5261 adsint,
2644 5211 2765 5253 cum
2786 5197 2990 5263 majore
3016 5194 3207 5249 ﬁducia
3229 5194 3597 5266 proﬁteanmr,

2013 5265 2242 5321 crucem’
2254 5282 2376 5323 esse
2402 5277 2638 5338 nostram
2666 5265 3060 5338 gloriationem,
3100 5280 3471 5332 summamque
3498 5265 3592 5318 bo-

2014 5352 2202 5391 norum
2231 5338 2493 5404 omnium,
2522 5346 2577 5392 et
2602 5336 2848 5391 ﬁduciam
2875 5350 3088 5389 omnem
3134 5345 3291 5403 atque
3317 5348 3595 5404 coronam.

2020 5408 2219 5462 Vellem
2254 5418 2432 5462 autem
2471 5402 2628 5477 posse
2670 5409 2831 5464 etiam
2862 5421 2984 5461 cum
3026 5404 3190 5477 Paulo
3212 5402 3418 5477 dicere,
3463 5402 3602 5477 Mihi

2013 5478 2232 5530 mundus
2256 5478 2395 5532 cruci
2428 5471 2636 5548 summa
2675 5486 2769 5542 est,
2804 5486 2968 5548 stega
3004 5476 3197 5548 mundo
3224 5471 3362 5544 (Gal.
3388 5473 3442 5527 ϐ.
3473 5474 3598 5548 μη

2012 5549 2107 5603 sed
2138 5564 2242 5600 non
2266 5544 2666 5615 possum’iariis
2693 5544 2978 5616 impeditus
3001 5545 3422 5616 constrictusque
3435 5544 3598 5616 animi

2014 5614 2312 5671 atl‘octibus.
2348 5617 2526 5686 Itaque
2555 5634 2674 5673 cum
2711 5614 2885 5681 vobis,
2928 5625 3037 5686 tum
3067 5616 3195 5686 mihi
3236 5614 3346 5686 ipse
3373 5614 3627 5676 suadeo,”

2014 5700 2071 5744 ut
2097 5700 2297 5744 mundo
2314 5683 2708 5762 crucitigamur,
2728 5702 2828 5744 nec
2851 5685 3139 5758 quidquam
3161 5683 3455 5740 habeamus
3475 5697 3598 5738 cum
